2918 3900
1599 555 1638 592 11

755 703 975 756 officialis,
990 708 1036 748 et
1050 702 1250 746 decanus
1265 698 1635 744 Christianitatis
1651 698 1699 743 in
1717 696 1931 757 partibus
1947 694 2316 757 Angusiarum,''
2332 703 2484 750 antea,

756 834 957 879 ecclesiae
992 831 1339 879 Aberdonensis
1373 829 1624 875 canonicus
1665 827 1810 874 fuisse
1845 828 2065 873 traditur.
2134 827 2242 880 Quo
2275 833 2486 887 tempore

756 964 908 1009 sedem
936 962 1186 1008 mutaverit
1212 960 1336 1005 haud
1361 961 1475 1005 satis
1498 960 1678 1019 liquet:
1713 964 1897 1005 constat
1915 964 2072 1004 tamen
2098 974 2156 1004 ex
2181 960 2330 1004 veteri
2356 974 2482 1005 com-

758 1100 978 1154 putorum
1013 1092 1132 1137 libro
1168 1092 1462 1151 episcopatus
1505 1089 1870 1144 DunkeldensiS,
1905 1105 2011 1135 eum
2053 1090 2197 1151 hujus
2238 1091 2486 1137 dioeceseos

760 1223 1114 1284 prebendarium
1143 1223 1244 1283 jam
1275 1221 1421 1267 fuisse
1452 1236 1576 1267 anno
1606 1223 1748 1275 1505,
1784 1236 1931 1281 eoque
1959 1236 2098 1275 ann0,
2127 1237 2285 1267 mense
2311 1221 2484 1281 Aprili,

759 1354 957 1400 officium
984 1354 1238 1398 decanatus
1261 1353 1432 1397 ruralis
1456 1352 1728 1411 suscepisse.

828 1483 968 1529 Hisce
986 1483 1257 1528 muneribus
1280 1484 1348 1527 ita
1364 1481 1555 1527 functus
1573 1488 1658 1535 est,
1676 1488 1732 1528 ut
1750 1483 1923 1543 dignus
1943 1484 2006 1528 sit
2023 1482 2215 1529 habitus
2239 1485 2337 1543 qui,
2363 1499 2487 1531 anno

762 1611 900 1666 1516,
924 1613 1199 1659 Monasterii
1217 1611 1558 1673 Augustiniani
1583 1611 1741 1657 Beatae
1759 1611 1975 1673 Virginis
1993 1614 2051 1658 de
2066 1613 2487 1661 Cambuskenneth

756 1743 918 1789 Abbas
947 1744 1286 1804 designaretur,
1314 1742 1365 1787 in
1395 1743 1549 1787 locum
1573 1739 1768 1787 Patricii
1797 1741 2006 1796 Painter‚
2039 1743 2186 1805 Regis
2221 1744 2484 1798 Secretarii,

754 1874 835 1933 qui
854 1874 1119 1919 valetudine
1141 1872 1357 1917 laborans
1381 1886 1410 1916 a
1432 1872 1570 1917 rebus
1601 1873 1818 1933 gerendis
1842 1876 2044 1927 secessit,
2067 1877 2319 1922 reservatis
2344 1877 2481 1923 bene-

756 2003 845 2049 ficii
868 2002 1114 2049 fructibus.
1163 2002 1300 2048 Vixit
1320 2002 1568 2054 PatriciuS,
1586 2003 1767 2062 aliquot
1797 2005 1962 2049 saltem
1980 2019 2143 2060 annos,
2162 2006 2299 2052 officii
2318 2022 2480 2067 super-

754 2140 862 2187 stes,
884 2148 967 2179 nec
991 2134 1155 2186 multo,
1177 2139 1233 2178 ut
1255 2133 1458 2186 videtur,
1481 2139 1591 2179 ante
1621 2148 1799 2179 annum
1824 2136 1967 2188 1522,
1993 2136 2173 2182 reditus
2204 2140 2476 2185 monasterii

752 2278 992 2310 successor
1014 2265 1203 2324 accepit.

816 2393 937 2439 Tam
952 2395 1172 2453 opulento
1186 2394 1407 2454 beneficio
1421 2396 1612 2441 tandem
1629 2410 1794 2443 revera
1806 2399 2002 2457 potitus,
2016 2398 2262 2460 factusque
2275 2404 2473 2449 coenobii

753 2538 939 2583 praeses,
953 2525 1096 2585 regiae
1113 2496 1212 2570 sedi
1231 2525 1390 2578 vicini,
1408 2531 1469 2579 et,
1487 2527 1810 2573 ecclesiasticae
1831 2529 2079 2590 dignitatis
2097 2531 2223 2592 jure,
2243 2532 2476 2580 Dominus

751 2654 1063 2713 parliamenti,
1086 2659 1250 2699 auctor
1272 2661 1429 2700 noster
1450 2656 1610 2702 statim
1639 2658 1691 2703 in
1720 2664 1935 2718 apertum
1966 2663 2179 2720 prolatus
2202 2671 2287 2709 est.
2357 2664 2473 2711 Post

752 2797 927 2829 annum
944 2783 1528 2837 1525‚Commissionarius
1543 2803 1859 2848 saepenumero
1873 2791 1934 2837 ad
1947 2793 2258 2851 parliamenta
2274 2797 2476 2842 tenenda

750 2914 1032 2967 nominatus,
1050 2929 1232 2974 semper
1247 2914 1345 2961 fere
1369 2917 1429 2962 ad
1451 2915 1678 2965 articulos
1700 2935 1786 2979 pro
1804 2917 1930 2967 clero
1947 2923 2136 2978 electus,
2159 2923 2475 2973 Dominorum
