<?xml version="1.0" encoding="UTF-8"?>
<!DOCTYPE html PUBLIC "-//W3C//DTD XHTML 1.0 Transitional//EN"
    "http://www.w3.org/TR/xhtml1/DTD/xhtml1-transitional.dtd">
<html xmlns="http://www.w3.org/1999/xhtml" xml:lang="en" lang="en">
 <head>
  <title>
</title>
<meta http-equiv="Content-Type" content="text/html;charset=utf-8" />
  <meta name='ocr-system' content='tesseract 3.04.00' />
  <meta name='ocr-capabilities' content='ocr_page ocr_carea ocr_par ocr_line ocrx_word'/>
</head>
<body>
  <div class='ocr_page' id='page_1' title='image "./vitaedvnkeldens101mylnuoft_0025.png"; bbox 0 0 2918 3900; ppageno 0'>
   <div class='ocr_carea' id='block_1_1' title="bbox 1253 1018 1304 1071">
    <p class='ocr_par' dir='ltr' id='par_1_1' title="bbox 1253 1018 1304 1071">
     <span class='ocr_line' id='line_1_1' title="bbox 1253 1018 1304 1071; baseline 0.02 -1"><span class='ocrx_word' id='word_1_1' title='bbox 1253 1018 1304 1071; x_wconf 93' lang='lat' dir='ltr'><strong>I.</strong></span> 
     </span>
    </p>
   </div>
   <div class='ocr_carea' id='block_1_2' title="bbox 788 1242 1764 1308">
    <p class='ocr_par' dir='ltr' id='par_1_2' title="bbox 788 1242 1764 1308">
     <span class='ocr_line' id='line_1_2' title="bbox 788 1242 1764 1308; baseline -0.003 -8"><span class='ocrx_word' id='word_1_2' title='bbox 788 1244 1163 1301; x_wconf 88' lang='lat' dir='ltr'>DECANUS</span> <span class='ocrx_word' id='word_1_3' title='bbox 1203 1242 1764 1308; x_wconf 87' lang='lat' dir='ltr'>ANGUSIARUM,</span> 
     </span>
    </p>
   </div>
   <div class='ocr_carea' id='block_1_3' title="bbox 1098 1428 1472 1483">
    <p class='ocr_par' dir='ltr' id='par_1_3' title="bbox 1098 1428 1472 1483">
     <span class='ocr_line' id='line_1_3' title="bbox 1098 1428 1472 1483; baseline -0.008 0"><span class='ocrx_word' id='word_1_4' title='bbox 1098 1429 1181 1483; x_wconf 92' lang='lat' dir='ltr'><strong>M.</strong></span> <span class='ocrx_word' id='word_1_5' title='bbox 1202 1428 1272 1482; x_wconf 89' lang='lat' dir='ltr'><strong>D.</strong></span> <span class='ocrx_word' id='word_1_6' title='bbox 1295 1428 1472 1482; x_wconf 91' lang='lat' dir='ltr'>XIII.</span> 
     </span>
    </p>
   </div>
   <div class='ocr_carea' id='block_1_4' title="bbox 406 1644 2163 2489">
    <p class='ocr_par' dir='ltr' id='par_1_4' title="bbox 406 1644 2163 2489">
     <span class='ocr_line' id='line_1_4' title="bbox 408 1644 2162 1720; baseline -0.003 -12"><span class='ocrx_word' id='word_1_7' title='bbox 408 1644 811 1709; x_wconf 87' lang='lat' dir='ltr'>COMPOTUM</span> <span class='ocrx_word' id='word_1_8' title='bbox 837 1656 1061 1720; x_wconf 86' lang='lat' dir='ltr'>Magistri</span> <span class='ocrx_word' id='word_1_9' title='bbox 1083 1656 1352 1703; x_wconf 85' lang='lat' dir='ltr'>Alexandri</span> <span class='ocrx_word' id='word_1_10' title='bbox 1378 1656 1546 1717; x_wconf 87' lang='lat' dir='ltr'><strong>Mylne</strong></span> <span class='ocrx_word' id='word_1_11' title='bbox 1570 1654 1800 1702; x_wconf 86' lang='lat' dir='ltr'>Canonici</span> <span class='ocrx_word' id='word_1_12' title='bbox 1824 1655 2162 1703; x_wconf 87' lang='lat' dir='ltr'><strong>Dounkelden-</strong></span> 
     </span>
     <span class='ocr_line' id='line_1_5' title="bbox 407 1764 2159 1830; baseline -0.001 -14"><span class='ocrx_word' id='word_1_13' title='bbox 407 1767 468 1816; x_wconf 86' lang='lat' dir='ltr'><strong>fis</strong></span> <span class='ocrx_word' id='word_1_14' title='bbox 510 1785 564 1816; x_wconf 87' lang='lat' dir='ltr'><strong>ac</strong></span> <span class='ocrx_word' id='word_1_15' title='bbox 604 1769 786 1815; x_wconf 86' lang='lat' dir='ltr'>Decani</span> <span class='ocrx_word' id='word_1_16' title='bbox 833 1765 1173 1814; x_wconf 82' lang='lat' dir='ltr'>Cristianitatis</span> <span class='ocrx_word' id='word_1_17' title='bbox 1225 1765 1430 1829; x_wconf 87' lang='lat' dir='ltr'><strong>ejusdem</strong></span> <span class='ocrx_word' id='word_1_18' title='bbox 1474 1768 1526 1813; x_wconf 89' lang='lat' dir='ltr'><strong>in</strong></span> <span class='ocrx_word' id='word_1_19' title='bbox 1565 1766 1786 1827; x_wconf 86' lang='lat' dir='ltr'><strong>partibus</strong></span> <span class='ocrx_word' id='word_1_20' title='bbox 1832 1764 2159 1830; x_wconf 76' lang='lat' dir='ltr'>Augustarum</span> 
     </span>
     <span class='ocr_line' id='line_1_6' title="bbox 406 1874 2163 1939; baseline -0.002 -13"><span class='ocrx_word' id='word_1_21' title='bbox 406 1881 647 1926; x_wconf 85' lang='lat' dir='ltr'>redditum</span> <span class='ocrx_word' id='word_1_22' title='bbox 679 1879 809 1939; x_wconf 87' lang='lat' dir='ltr'><strong>apud</strong></span> <span class='ocrx_word' id='word_1_23' title='bbox 843 1877 1162 1924; x_wconf 88' lang='lat' dir='ltr'><strong>Dounkelden</strong></span> <span class='ocrx_word' id='word_1_24' title='bbox 1195 1877 1378 1924; x_wconf 84' lang='lat' dir='ltr'><strong>decimo</strong></span> <span class='ocrx_word' id='word_1_25' title='bbox 1406 1875 1607 1937; x_wconf 84' lang='lat' dir='ltr'><strong>septimo</strong></span> <span class='ocrx_word' id='word_1_26' title='bbox 1643 1878 1720 1923; x_wconf 86' lang='lat' dir='ltr'><strong>die</strong></span> <span class='ocrx_word' id='word_1_27' title='bbox 1750 1874 1921 1924; x_wconf 84' lang='lat' dir='ltr'>menfis</span> <span class='ocrx_word' id='word_1_28' title='bbox 1953 1877 2003 1923; x_wconf 96' lang='lat' dir='ltr'>N</span> <span class='ocrx_word' id='word_1_29' title='bbox 2004 1892 2163 1924; x_wconf 86' lang='lat' dir='ltr'><strong>ovem-</strong></span> 
     </span>
     <span class='ocr_line' id='line_1_7' title="bbox 411 1984 2160 2049; baseline -0.001 -14"><span class='ocrx_word' id='word_1_30' title='bbox 411 1990 510 2036; x_wconf 84' lang='lat' dir='ltr'><strong>bris</strong></span> <span class='ocrx_word' id='word_1_31' title='bbox 555 2004 681 2035; x_wconf 83' lang='lat' dir='ltr'>anno</span> <span class='ocrx_word' id='word_1_32' title='bbox 721 1989 903 2035; x_wconf 88' lang='lat' dir='ltr'>domini</span> <span class='ocrx_word' id='word_1_33' title='bbox 948 1984 1196 2034; x_wconf 80' lang='lat' dir='ltr'>millesimo</span> <span class='ocrx_word' id='word_1_34' title='bbox 1242 1984 1620 2049; x_wconf 73' lang='lat' dir='ltr'>quingentesimo</span> <span class='ocrx_word' id='word_1_35' title='bbox 1665 1987 1848 2034; x_wconf 84' lang='lat' dir='ltr'>decimo</span> <span class='ocrx_word' id='word_1_36' title='bbox 1894 1988 2041 2034; x_wconf 83' lang='lat' dir='ltr'>tercio</span> <span class='ocrx_word' id='word_1_37' title='bbox 2086 1987 2160 2035; x_wconf 89' lang='lat' dir='ltr'><strong>De</strong></span> 
     </span>
     <span class='ocr_line' id='line_1_8' title="bbox 408 2093 2161 2158; baseline -0.001 -13"><span class='ocrx_word' id='word_1_38' title='bbox 408 2099 629 2145; x_wconf 87' lang='lat' dir='ltr'>omnibus</span> <span class='ocrx_word' id='word_1_39' title='bbox 651 2097 746 2144; x_wconf 84' lang='lat' dir='ltr'>suis</span> <span class='ocrx_word' id='word_1_40' title='bbox 771 2098 993 2158; x_wconf 85' lang='lat' dir='ltr'><strong>Receptis</strong></span> <span class='ocrx_word' id='word_1_41' title='bbox 1017 2103 1066 2143; x_wconf 85' lang='lat' dir='ltr'><strong>et</strong></span> <span class='ocrx_word' id='word_1_42' title='bbox 1088 2093 1323 2157; x_wconf 84' lang='lat' dir='ltr'><strong>Expenfis</strong></span> <span class='ocrx_word' id='word_1_43' title='bbox 1346 2097 1408 2143; x_wconf 89' lang='lat' dir='ltr'><strong>ab</strong></span> <span class='ocrx_word' id='word_1_44' title='bbox 1430 2098 1603 2144; x_wconf 84' lang='lat' dir='ltr'><strong>ultimo</strong></span> <span class='ocrx_word' id='word_1_45' title='bbox 1626 2102 1845 2158; x_wconf 81' lang='lat' dir='ltr'><strong>compoto</strong></span> <span class='ocrx_word' id='word_1_46' title='bbox 1870 2095 1952 2143; x_wconf 91' lang='lat' dir='ltr'><strong>suo</strong></span> <span class='ocrx_word' id='word_1_47' title='bbox 1976 2098 2161 2143; x_wconf 85' lang='lat' dir='ltr'>reddito</span> 
     </span>
     <span class='ocr_line' id='line_1_9' title="bbox 409 2204 2160 2269; baseline -0.001 -15"><span class='ocrx_word' id='word_1_48' title='bbox 409 2209 538 2269; x_wconf 86' lang='lat' dir='ltr'>apud</span> <span class='ocrx_word' id='word_1_49' title='bbox 561 2208 718 2269; x_wconf 88' lang='lat' dir='ltr'>Clony</span> <span class='ocrx_word' id='word_1_50' title='bbox 739 2209 913 2254; x_wconf 86' lang='lat' dir='ltr'>ultimo</span> <span class='ocrx_word' id='word_1_51' title='bbox 936 2208 1012 2253; x_wconf 86' lang='lat' dir='ltr'><strong>die</strong></span> <span class='ocrx_word' id='word_1_52' title='bbox 1046 2204 1217 2254; x_wconf 81' lang='lat' dir='ltr'><strong>menfis</strong></span> <span class='ocrx_word' id='word_1_53' title='bbox 1241 2207 1518 2254; x_wconf 85' lang='lat' dir='ltr'><strong>Decembris</strong></span> <span class='ocrx_word' id='word_1_54' title='bbox 1558 2222 1684 2253; x_wconf 87' lang='lat' dir='ltr'><strong>anno</strong></span> <span class='ocrx_word' id='word_1_55' title='bbox 1719 2213 1799 2252; x_wconf 51' lang='lat' dir='ltr'><strong>‘ze’</strong></span> <span class='ocrx_word' id='word_1_56' title='bbox 1825 2209 1875 2252; x_wconf 59' lang='grc' dir='ltr'><strong>νο</strong></span> <span class='ocrx_word' id='word_1_57' title='bbox 1909 2207 2160 2253; x_wconf 87' lang='lat' dir='ltr'>undecimo</span> 
     </span>
     <span class='ocr_line' id='line_1_10' title="bbox 408 2315 2159 2380; baseline -0.002 -15"><span class='ocrx_word' id='word_1_58' title='bbox 408 2317 726 2365; x_wconf 84' lang='lat' dir='ltr'><strong>Auditoribus</strong></span> <span class='ocrx_word' id='word_1_59' title='bbox 751 2315 999 2380; x_wconf 85' lang='lat' dir='ltr'>Magistris</span> <span class='ocrx_word' id='word_1_60' title='bbox 1021 2317 1054 2362; x_wconf 88' lang='lat' dir='ltr'>J</span> <span class='ocrx_word' id='word_1_61' title='bbox 1055 2317 1199 2364; x_wconf 86' lang='lat' dir='ltr'>acobo</span> <span class='ocrx_word' id='word_1_62' title='bbox 1223 2316 1439 2363; x_wconf 82' lang='lat' dir='ltr'><strong>Fentone</strong></span> <span class='ocrx_word' id='word_1_63' title='bbox 1472 2322 1746 2377; x_wconf 84' lang='lat' dir='ltr'>precentore</span> <span class='ocrx_word' id='word_1_64' title='bbox 1771 2315 1979 2377; x_wconf 87' lang='lat' dir='ltr'>Georgio</span> <span class='ocrx_word' id='word_1_65' title='bbox 2003 2315 2159 2362; x_wconf 83' lang='lat' dir='ltr'><strong>Ferne</strong></span> 
     </span>
     <span class='ocr_line' id='line_1_11' title="bbox 410 2424 2160 2489; baseline -0.001 -16"><span class='ocrx_word' id='word_1_66' title='bbox 410 2426 761 2473; x_wconf 86' lang='lat' dir='ltr'><strong>Archidiacono</strong></span> <span class='ocrx_word' id='word_1_67' title='bbox 796 2427 828 2472; x_wconf 89' lang='lat' dir='ltr'><strong>J</strong></span> <span class='ocrx_word' id='word_1_68' title='bbox 830 2428 1016 2474; x_wconf 88' lang='lat' dir='ltr'>ohanne</span> <span class='ocrx_word' id='word_1_69' title='bbox 1051 2427 1214 2474; x_wconf 86' lang='lat' dir='ltr'>Lacok</span> <span class='ocrx_word' id='word_1_70' title='bbox 1248 2427 1510 2489; x_wconf 86' lang='lat' dir='ltr'>graniterio</span> <span class='ocrx_word' id='word_1_71' title='bbox 1531 2426 1749 2472; x_wconf 55' lang='lat' dir='ltr'>*Domino</span> <span class='ocrx_word' id='word_1_72' title='bbox 1785 2425 1976 2471; x_wconf 86' lang='lat' dir='ltr'><strong>Thoma</strong></span> <span class='ocrx_word' id='word_1_73' title='bbox 2011 2424 2160 2487; x_wconf 88' lang='lat' dir='ltr'>Greig</span> 
     </span>
    </p>
   </div>
   <div class='ocr_carea' id='block_1_5' title="bbox 411 2534 2129 2596">
    <p class='ocr_par' dir='ltr' id='par_1_5' title="bbox 411 2534 2129 2596">
     <span class='ocr_line' id='line_1_12' title="bbox 411 2534 2129 2596; baseline -0.001 -14"><span class='ocrx_word' id='word_1_74' title='bbox 411 2536 722 2595; x_wconf 85' lang='lat' dir='ltr'>prebendario</span> <span class='ocrx_word' id='word_1_75' title='bbox 745 2537 803 2581; x_wconf 88' lang='lat' dir='ltr'><strong>de</strong></span> <span class='ocrx_word' id='word_1_76' title='bbox 819 2535 1000 2596; x_wconf 84' lang='lat' dir='ltr'><strong>Alytht</strong></span> <span class='ocrx_word' id='word_1_77' title='bbox 1017 2541 1064 2583; x_wconf 87' lang='lat' dir='ltr'><strong>et</strong></span> <span class='ocrx_word' id='word_1_78' title='bbox 1081 2552 1160 2582; x_wconf 40' lang='lat' dir='ltr'><strong>me*</strong></span> <span class='ocrx_word' id='word_1_79' title='bbox 1174 2535 1365 2583; x_wconf 86' lang='lat' dir='ltr'>Thoma</span> <span class='ocrx_word' id='word_1_80' title='bbox 1383 2535 1578 2582; x_wconf 87' lang='lat' dir='ltr'>Broune</span> <span class='ocrx_word' id='word_1_81' title='bbox 1594 2534 1820 2596; x_wconf 82' lang='lat' dir='ltr'>scriptore</span> <span class='ocrx_word' id='word_1_82' title='bbox 1837 2534 2129 2596; x_wconf 88' lang='lat' dir='ltr'>presencium</span> 
     </span>
    </p>
   </div>
   <div class='ocr_carea' id='block_1_6' title="bbox 479 2752 2157 2816">
    <p class='ocr_par' dir='ltr' id='par_1_6' title="bbox 479 2752 2157 2816">
     <span class='ocr_line' id='line_1_13' title="bbox 479 2752 2157 2816; baseline 0 -17"><span class='ocrx_word' id='word_1_83' title='bbox 479 2754 628 2800; x_wconf 81' lang='lat' dir='ltr'>ITEM</span> <span class='ocrx_word' id='word_1_84' title='bbox 651 2754 786 2801; x_wconf 85' lang='lat' dir='ltr'>Idem</span> <span class='ocrx_word' id='word_1_85' title='bbox 811 2761 1087 2816; x_wconf 80' lang='lat' dir='ltr'><strong>computans</strong></span> <span class='ocrx_word' id='word_1_86' title='bbox 1112 2762 1278 2803; x_wconf 83' lang='lat' dir='ltr'><strong>onerat</strong></span> <span class='ocrx_word' id='word_1_87' title='bbox 1301 2754 1348 2802; x_wconf 85' lang='lat' dir='ltr'><strong>se</strong></span> <span class='ocrx_word' id='word_1_88' title='bbox 1370 2756 1429 2802; x_wconf 86' lang='lat' dir='ltr'><strong>de</strong></span> <span class='ocrx_word' id='word_1_89' title='bbox 1451 2771 1486 2802; x_wconf 87' lang='lat' dir='ltr'>x</span> <span class='ocrx_word' id='word_1_90' title='bbox 1508 2757 1557 2803; x_wconf 93' lang='lat' dir='ltr'><strong>li.</strong></span> <span class='ocrx_word' id='word_1_91' title='bbox 1582 2755 1668 2802; x_wconf 78' lang='lat' dir='ltr'><strong>xix</strong></span> <span class='ocrx_word' id='word_1_92' title='bbox 1690 2757 1726 2802; x_wconf 71' lang='grc' dir='ltr'><strong>ἔ.</strong></span> <span class='ocrx_word' id='word_1_93' title='bbox 1749 2755 1807 2802; x_wconf 87' lang='lat' dir='ltr'><strong>de</strong></span> <span class='ocrx_word' id='word_1_94' title='bbox 1831 2752 1977 2802; x_wconf 87' lang='lat' dir='ltr'>Resta</span> <span class='ocrx_word' id='word_1_95' title='bbox 1999 2755 2157 2801; x_wconf 89' lang='lat' dir='ltr'><strong>ultimi</strong></span> 
     </span>
    </p>
   </div>
   <div class='ocr_carea' id='block_1_7' title="bbox 411 2862 1153 2926">
    <p class='ocr_par' dir='ltr' id='par_1_7' title="bbox 411 2862 1153 2926">
     <span class='ocr_line' id='line_1_14' title="bbox 411 2862 1153 2926; baseline 0.001 -16"><span class='ocrx_word' id='word_1_96' title='bbox 411 2864 618 2924; x_wconf 82' lang='lat' dir='ltr'>compoti</span> <span class='ocrx_word' id='word_1_97' title='bbox 640 2862 711 2910; x_wconf 78' lang='lat' dir='ltr'>su&#39;i</span> <span class='ocrx_word' id='word_1_98' title='bbox 734 2866 908 2912; x_wconf 86' lang='lat' dir='ltr'><strong>redditi</strong></span> <span class='ocrx_word' id='word_1_99' title='bbox 931 2870 988 2912; x_wconf 86' lang='lat' dir='ltr'><strong>ut</strong></span> <span class='ocrx_word' id='word_1_100' title='bbox 1009 2864 1153 2926; x_wconf 85' lang='lat' dir='ltr'>supra</span> 
     </span>
    </p>
   </div>
   <div class='ocr_carea' id='block_1_8' title="bbox 1018 2972 1535 3036">
    <p class='ocr_par' dir='ltr' id='par_1_8' title="bbox 1018 2972 1535 3036">
     <span class='ocr_line' id='line_1_15' title="bbox 1018 2972 1535 3036; baseline 0 -14"><span class='ocrx_word' id='word_1_101' title='bbox 1018 2974 1216 3022; x_wconf 85' lang='lat' dir='ltr'><strong>Summa</strong></span> <span class='ocrx_word' id='word_1_102' title='bbox 1239 2972 1380 3022; x_wconf 86' lang='lat' dir='ltr'>Reste</span> <span class='ocrx_word' id='word_1_103' title='bbox 1402 2980 1535 3036; x_wconf 84' lang='lat' dir='ltr'><strong>patet</strong></span> 
     </span>
    </p>
   </div>
  </div>
 </body>
</html>
