2918 3900
942 478 1165 524 PONTIS
1194 479 1682 525 DUNKELDENsls.
2116 492 2177 535 85

505 738 668 793 ITEM,
694 738 828 786 Idem
854 746 1129 801 compotans
1152 746 1318 787 onerat
1340 739 1385 787 se
1407 742 1467 787 de

438 863 696 895 avenarum
735 850 978 896 deliberat.
1020 851 1082 895 ad
1119 851 1322 897 verudas
1351 865 1441 910 ,per
1473 850 1506 896 J
1507 850 1705 906 acobum
1735 850 1884 913 Muyr
1913 852 2179 898 everarium

438 958 634 1004 Domini
657 964 714 1004 ut
737 955 951 1004 fimiliter
974 942 1108 1018 patet
1131 964 1178 1004 et
1201 959 1383 1018 patebit
1406 961 1457 1006 in
1479 961 1708 1021 compotis
1731 959 1840 1008 suis.

549 1063 747 1113 Summa
769 1066 1051 1113 Avenarum

437 1174 664 1237 Expofite
687 1178 747 1222 ad
771 1178 974 1223 verudas
998 1183 1046 1224 et
1068 1192 1187 1238 eque
1213 1192 1321 1223 cum
1345 1184 1660 1238 compotante.

503 1507 653 1553 ITEM
688 1507 821 1553 Idem
851 1513 1126 1568 computans
1157 1512 1322 1554 onerat
1351 1506 1396 1553 se
1426 1508 1485 1553 de
1508 1473 1598 1569 ioirijc
1624 1471 1746 1568 ioirijXX
1757 1507 1809 1569 iij
1836 1508 1884 1554 li.
1907 1479 1977 1568 i‘i'ij
2005 1508 2038 1552 ἔ.
2063 1509 2109 1569 vj
2135 1504 2179 1553 d.

437 1618 637 1677 receptis
663 1633 692 1663 a
714 1617 923 1663 Domino
947 1623 995 1663 et
1023 1617 1128 1664 aliis
1160 1617 1264 1678 ejus
1297 1618 1488 1663 nomine
1518 1621 1575 1663 ut
1604 1622 1736 1677 patet
1751 1617 1803 1662 in
1834 1617 1956 1663 libro
1986 1616 2182 1663 Domini

436 1743 583 1774 manu
606 1727 921 1787 compotantis
945 1725 1116 1787 scripto
1148 1724 1327 1773 ostenso
1355 1725 1495 1787 super
1525 1730 1797 1787 compotum
1862 1725 1932 1773 Et
1954 1727 2012 1772 de
2034 1722 2122 1772 xxtJ
2147 1728 2180 1773 ἔ.

436 1837 635 1897 receptis
669 1851 697 1882 a
732 1833 965 1898 Magistro
994 1835 1026 1882 J
1028 1836 1214 1883 ohanne
1245 1835 1433 1883 Lacock
1465 1835 1725 1897 grauiterio
1757 1835 1953 1882 Domini
1986 1837 2044 1882 de
2078 1836 2183 1895 qui-

435 1947 523 1992 bus
553 1947 761 1992 reddidit
790 1951 1063 2006 compotum
1092 1947 1220 2006 apud
1252 1945 1540 1992 Dunkelden
1568 1946 1749 1991 decimo
1777 1946 1920 1992 tertio
1947 1946 2023 1991 die
2051 1959 2181 1990 men-

433 2053 494 2102 fis
523 2055 798 2102 Decembris
829 2070 954 2102 anno
981 2056 1163 2101 domini
1192 2051 1438 2101 millefimo
1468 2050 1843 2116 quingentefimo
1864 2054 2044 2100 decimo
2112 2052 2179 2099 Et

438 2165 496 2210 de
518 2135 689 2226 xxixriiij
714 2166 750 2209 ἔ.
779 2164 979 2224 receptis
1007 2163 1067 2210 ab
1098 2164 1261 2210 eodem
1295 2164 1354 2209 de
1383 2162 1555 2223 quibus
1586 2160 1797 2208 fimiliter
1824 2161 2028 2208 reddidit
2058 2176 2181 2208 com-

434 2281 604 2334 potum
644 2275 773 2335 apud
814 2272 970 2335 Clony
1007 2274 1122 2335 xxvj
1166 2272 1453 2320 Novembris
1487 2287 1613 2318 anno
1653 2278 1732 2317 ⁴²tc·’
1770 2273 1818 2316 νο
1851 2271 1956 2332 xjm⁰
2019 2269 2088 2317 Et
2121 2272 2178 2317 de

437 2384 555 2445 xviij
581 2385 631 2430 li.
665 2385 713 2446 vj
740 2385 775 2430 ἔ.
810 2384 846 2445 ij
871 2379 916 2429 d.
951 2388 1124 2444 recept.
1158 2383 1220 2430 ab
1253 2383 1416 2430 eodem
1448 2381 1708 2444 grauiterio
1729 2379 1890 2426 Lacok
1919 2381 1977 2426 de
2006 2380 2178 2440 quibus

435 2490 649 2540 fimiliter
685 2494 894 2539 reddidit
928 2498 1199 2554 compotum
1231 2493 1359 2554 apud
1397 2491 1649 2538 Dounkeld
1685 2486 1858 2550 xxiiijw
1893 2488 2176 2536 Novembris

435 2570 560 2649 aimo
599 2611 678 2649 w
713 2605 761 2648 νο
802 2603 922 2665 xij¹uuo
993 2602 1064 2650 Et
1094 2604 1152 2650 de
1186 2603 1321 2664 xlviij
1353 2603 1389 2647 ἔ.
1418 2601 1477 2647 de
1510 2599 1686 2661 quibus
1724 2595 1940 2646 fimssiter
1969 2600 2174 2645 reddidit

435 2719 709 2774 compotum
744 2713 872 2773 apud
898 2712 1154 2759 Dounkeld
1182 2712 1301 2774 xviij
1331 2710 1558 2772 februarij
1596 2724 1721 2756 anno
1753 2717 1830 2756 ‘tc‘
1854 2710 1903 2754 vc
1929 2709 2048 2770 xij¹¹²⁰
2071 2724 2174 2769 pre-

435 2825 562 2871 dicto
603 2823 672 2870 Et
695 2825 752 2869 de
774 2824 824 2885 xj
849 2823 899 2869 li.
924 2837 990 2869 xv
1014 2824 1049 2868 ἔ.
1074 2835 1112 2869 x
1145 2819 1191 2868 d.
1215 2826 1388 2882 recept.
1411 2820 1472 2867 ab
1503 2820 1666 2867 eodem
1697 2819 1849 2866 eidem
1878 2819 1929 2865 in
1958 2819 2171 2878 proximo

433 2926 651 2995 compoto
683 2950 769 2981 suo
805 2934 1044 2985 reddendo
1075 2933 1268 2980 allocan.
1314 2930 1384 2977 Et
1410 2930 1469 2977 de
1491 2930 1558 2992 vij
1584 2931 1634 2976 li.
1666 2929 1700 2991 ij
1726 2931 1760 2975 ἔ.
1784 2942 1816 2974 v
1837 2924 1882 2974 d.
1914 2927 2108 2986 receptis
2143 2941 2172 2971 a

1267 3053 1312 3087 M
