2964 3892
809 492 904 542 106
1194 492 1553 537 COMPOTUM
1582 492 1893 538 MAGISTRI
1922 492 2194 536 FABRICE

805 639 1035 688 Omnium
1053 639 1336 688 Sanctorum
1359 643 1473 688 anni
1493 650 1572 688 ἵε*
1591 644 1638 688 v‘
1654 641 1824 687 decimi
1843 642 1893 686 in
1910 640 2035 685 diem
2057 638 2356 686 Inventionis
2370 638 2543 686 Sancte

804 749 970 798 Crucis
1003 752 1055 797 in
1089 766 1214 799 anno
1245 758 1324 798 ‘tc‘
1350 754 1397 797 v‘
1419 752 1525 812 xiij⁰
1546 751 1671 796 diem
1702 748 1781 795 sue
1809 748 2163 795 exoneracionis
2191 748 2251 794 ab
2273 746 2544 810 hujusmodi

802 860 952 907 officio
982 862 1226 907 extenden.
1250 862 1311 907 ad
1339 875 1516 906 annum
1542 874 1650 905 cum
1674 859 1873 905 dimidio
1896 864 1944 905 et
1968 858 2147 918 capien.
2171 858 2299 903 dicto
2321 856 2544 903 Johanne

799 985 885 1031 per
906 985 1082 1016 annum
1108 970 1225 1015 citra
1247 968 1472 1015 ferrinam
1497 969 1818 1031 quadraginta
1839 966 2010 1015 solidos
2039 982 2071 1013 v
2093 969 2141 1013 li.
2211 966 2279 1013 Et
2311 968 2543 1013 allocatur

798 1079 947 1125 eidem
978 1093 1062 1138 per
1091 1078 1423 1124 liberacionem
1454 1077 1630 1124 factam
1661 1077 1869 1124 Domino
1902 1078 2089 1124 Thome
2121 1076 2270 1138 Greig
2298 1082 2414 1122 tunc
2437 1091 2544 1136 pre-

798 1190 1022 1235 bendario
1049 1189 1108 1235 de
1138 1186 1452 1235 Fardeschaw
1479 1190 1537 1235 de
1567 1190 1794 1235 mandato
1825 1189 2006 1235 domini
2038 1204 2126 1249 pro
2161 1189 2288 1234 dicto
2323 1187 2543 1233 Johanne

797 1297 899 1344 Fod
932 1299 982 1344 in
1017 1297 1203 1344 firmam
1237 1298 1442 1345 duarum
1477 1313 1694 1344 acrarum
1729 1305 1854 1344 terre
1884 1299 1942 1344 de
1971 1298 2157 1344 duabus
2190 1297 2327 1343 bollis
2361 1296 2541 1343 farrine

794 1408 893 1469 xxij
933 1411 968 1453 ἓ.
1044 1406 1112 1454 Et
1151 1409 1381 1455 allocatur
1420 1408 1573 1454 eidem
1611 1423 1697 1468 per
1735 1408 2070 1454 liberacionem
2111 1408 2286 1454 factam
2326 1406 2359 1452 J
2361 1407 2538 1453 ohanni

793 1516 999 1564 Stewart
1039 1518 1175 1564 alteri
1211 1518 1493 1563 veredorum
1532 1515 1713 1563 custodi
1753 1518 1933 1578 capien.
1967 1519 2019 1563 in
2055 1532 2181 1563 anno
2217 1517 2538 1579 quadraginta

791 1625 959 1672 solidos
983 1631 1030 1672 et
1057 1641 1085 1672 a
1112 1626 1239 1672 dicto
1261 1623 1378 1672 festo
1410 1626 1641 1673 Omnium
1664 1625 1948 1673 Sanctorum
1972 1627 2024 1672 in
2047 1641 2174 1672 anno
2208 1632 2287 1671 ‘tc‘
2312 1628 2359 1671 v‘
2382 1627 2464 1671 x¹¹⁸⁰
2487 1627 2537 1671 in

789 1732 958 1781 festum
975 1735 1204 1781 Omnium
1229 1735 1510 1782 Sanctorum
1525 1737 1576 1782 in
1598 1751 1724 1782 anno
1748 1743 1827 1782 *tc*
1847 1738 1893 1782 ve
1912 1737 2031 1798 xiij⁰,
2056 1736 2103 1797 vj
2126 1736 2175 1781 li.
2211 1734 2279 1782 Et
2304 1737 2537 1782 allocatur

791 1846 940 1891 eidem
975 1859 1060 1906 per
1099 1845 1431 1892 liberacionem
1470 1845 1647 1892 factam
1684 1845 1898 1892 Johanni
1939 1845 2137 1908 Sowlug
2177 1847 2237 1892 ad
2277 1846 2449 1908 bighas
2489 1852 2536 1892 et

787 1956 1068 2030 yeredorum
1104 1953 1364 2002 custodiam
1402 1955 1611 2002 laboran.
1647 1963 1696 2003 et
1735 1958 1915 2018 capien.
1956 1972 2041 2017 per
2082 1957 2285 2019 triginta
2323 1955 2403 2002 sex
2436 1955 2537 2017 sep-

793 2064 995 2110 timanas
1018 2064 1069 2110 in
1090 2062 1350 2124 septimana
1373 2071 1478 2112 octo
1507 2066 1725 2112 denarios
1759 2067 2006 2113 extenden.
2031 2067 2082 2113 in
2105 2067 2242 2113 totali
2266 2065 2450 2112 summa
2472 2067 2533 2111 ad

789 2143 925 2233 xii‘iij
947 2176 981 2218 ς.
1039 2171 1109 2218 Et
1130 2173 1360 2218 auocatur
1383 2173 1534 2218 eidem
1558 2188 1642 2233 per
1664 2174 1999 2220 liberacionem
2022 2174 2196 2220 factam
2222 2173 2532 2219 M⁰Wa1kane

790 2281 957 2328 seniori
980 2288 1192 2342 tempore
1214 2282 1506 2328 infirmitatis
1536 2281 1741 2329 Stewart
1763 2298 1848 2343 per
1870 2299 2015 2330 unam
2040 2282 2351 2345 septimanam
2376 2284 2459 2345 viij
2484 2282 2530 2330 d.

787 2390 856 2438 Et
877 2392 1107 2438 allocatur
1141 2392 1291 2437 eidem
1328 2406 1414 2451 per
1443 2392 1777 2439 liberacionem
1801 2392 1978 2439 factam
2001 2390 2037 2440 J
2038 2394 2216 2439 ohanni
2240 2393 2529 2440 Senfindlaio

788 2499 899 2546 Scot
920 2500 981 2546 ab
1011 2501 1257 2547 undecimo
1287 2501 1406 2563 Maij
1434 2503 1496 2547 ad
1518 2501 1688 2564 bighas
1719 2503 1772 2548 in
1793 2500 1963 2549 festum
1990 2503 2218 2549 Omnium
2244 2503 2526 2549 Sanctorum

788 2616 902 2654 tunc
922 2606 1108 2668 sequen.
1131 2610 1231 2672 xxij
1258 2614 1292 2655 ἔ.
1361 2609 1430 2657 Et
1452 2611 1683 2658 allocatur
1705 2612 1856 2658 eidem
1881 2627 1966 2672 per
1988 2613 2322 2659 liberacionem
2349 2612 2525 2659 factam

786 2716 993 2780 Georgio
1016 2717 1225 2765 Gromen
1253 2720 1368 2766 alias
1383 2719 1555 2767 Bernis
1578 2737 1608 2767 a
1631 2719 1749 2768 festo
1773 2722 2005 2769 Omnium
2020 2722 2305 2769 Sanctorum
2329 2723 2379 2769 in
2398 2738 2525 2769 anno

787 2832 866 2871 ‘tc‘
895 2827 942 2871 v‘
968 2826 1071 2887 xj¹¹¹⁰
1100 2827 1151 2872 in
1183 2827 1308 2872 idem
1342 2825 1512 2873 festum
1546 2830 1658 2875 anni
1683 2836 1763 2876 *tc*
1788 2832 1836 2876 vc
1858 2831 1943 2892 xiij
1981 2803 2050 2892 iiij
2076 2831 2125 2876 li.
2194 2829 2263 2876 Et
2294 2831 2523 2877 allocatur

784 2936 934 2983 eidem
962 2950 1047 2996 per
1068 2936 1397 2984 liberacionem
1427 2936 1600 2985 factam
1630 2938 1823 2987 Andree
1853 2939 2162 2987 M‘Walkane
2191 2945 2363 3000 quarto
2392 2955 2524 2986 vere-
