2918 3900
450 1340 611 1415 QUO
641 1358 795 1419 major
817 1358 929 1403 huic
952 1358 1110 1404 libello
1133 1358 1247 1404 fides
1271 1358 1519 1413 habeatur,
1542 1373 1693 1419 pauca
1715 1360 1774 1405 de
1791 1365 1983 1407 auctore
2004 1361 2199 1422 praefari

443 1490 635 1557 placuit.
704 1489 802 1537 Ubi
827 1490 955 1537 'enim
986 1496 1294 1537 monumenta
1317 1506 1342 1536 e
1365 1491 1538 1551 quibus
1562 1492 1829 1539 confectum
1853 1494 1917 1540 sit
1938 1448 2057 1554 opus
2073 1495 2197 1556 jam-

441 1624 622 1669 dudum
647 1625 807 1670 omnia
830 1625 1027 1684 periere,
1051 1625 1207 1683 operis
1231 1624 1429 1684 quidem⁴
1454 1626 1662 1685 pretium
1690 1631 1809 1672 tum=
1824 1626 2030 1673 maxime
2054 1642 2197 1689 auge-

443 1761 538 1807 tur,
572 1760 677 1801 tum
702 1770 863 1802 veram
899 1756 1145 1816 scriptoris
1179 1755 1540 1802 aestimationem
1575 1771 1631 1803 eo
1657 1758 1922 1804 accuratius
1950 1760 2196 1819 exquirere

441 1901 627 1933 necesse
650 1892 733 1933 est.

506 2018 794 2079 Quanquam
810 2019 877 2065 de
891 2017 1003 2066 :vita
1016 2020 1175 2066 *nostri
1198 2018 1388 2079 privata
1403 2034 1639 2081 perpauca
1656 2022 1834 2068 tradita
1850 1998 1977 2076 sunt,
1995 2037 2194 2070 munera

440 2155 600 2196 tamen
617 2150 821 2210 publica,
836 2165 946 2211 quae
964 2165 1050 2210 per
1067 2156 1324 2197 crescentes
1342 2166 1493 2212 usque
1511 2152 1760 2214 dignitatis
1777 2155 1954 2216 gradus
1969 2155 2192 2214 explevit,

440 2282 585 2327 talem
609 2297 717 2327 eum
739 2281 887 2328 fuisse
905 2288 1131 2345 arguunt,
1150 2289 1197 2329 et
1220 2289 1319 2329 tam
1337 2283 1507 2330 faustis
1527 2285 1742 2331 veritatis
1759 2288 2094 2348 cognoscendae
2114 2251 2191 2333 οὐ,

439 2413 703 2461 casionibus
727 2414 956 2518 Qtitlam,¹
968 2421 1029 2461 ut
1039 2416 1130 2462 „vix
1142 2415 1376 2462 dubitare·
1387 2417 1540 2471 liceat,
1557 2417 1675 2478 quin
1688 2432 1762 2464 res
1781 2419 1857 2464 vel
1874 2433 1961 2464 suo
1977 2424 2188 2479 tempore

439 2545 514 2590 vel
550 2545 801 2592 vetustiori
838 2551 1033 2608 gestas?
1058 2555 1274 2608 quanm·
1299 2549 1580 2595 documenta
1618 2549 1670 2594 in
1709 2549 1930 2596 manibus
1969 2551 2190 2598 habuisse

437 2681 731 2734 compertum
756 2682 842 2731 est,
862 2677 1344 2740 fideliter‘sscfipserit.
1374 2683 1418 2719 :²¹2
1446 2702 1449 2708 ·
1538 2703 1542 2705 -
1607 2704 1628 2716 --
1653 2703 1658 2716 e
1716 2702 1736 2718 υ

500 2806 775 2855 Alexander
803 2809 964 2870 Myln,
989 2811 1144 2857 dictus
1175 2812 1228 2858 in
1255 2811 1380 2858 libro
1402 2825 1489 2858 suo
1518 2816 1549 2837 “
1570 2813 1888 2873 prebendatus
1921 2814 1980 2860 de
2014 2814 2187 2875 Mony-

433 2937 522 2999 thy
566 2941 619 2985 in
658 2941 850 2988 dioecesi
896 2941 1243 2998 Dunkeldensi,
1290 2943 1595 3005 eiusdemque
1636 2945 1884 2992 dioeceseos
1924 2946 2189 3002 canonicus,
