2964 3892
899 521 1125 566 PONTIS
1153 521 1654 566 DUNKELDENSIS.
2063 532 2155 576 103

409 670 457 713 ve
479 670 729 716 undecimo
752 671 963 731 quinque
988 673 1140 717 celdre
1163 687 1333 717 novem
1358 671 1482 718 bolle
1505 677 1553 718 et
1575 686 1724 717 unum
1750 672 1964 717 modium
1982 672 2157 720 ferrine

408 780 654 825 extenden.
679 781 730 826 in
752 782 953 841 pecunia
975 782 1036 827 ad
1067 782 1116 843 xj
1143 782 1192 827 li.
1218 781 1335 842 xviij
1363 785 1397 827 3.
1466 780 1536 827 Et
1559 779 1731 828 eisdem
1758 782 1810 827 in
1833 796 1959 827 anno
1982 782 2157 828 duode-

406 889 528 935 cimo
551 895 607 936 ut
630 895 761 950 patet
783 891 834 936 in
857 895 1076 950 compoto
1104 889 1308 952 ejusdem
1341 891 1590 952 grauiterii
1622 891 1798 936 redditi
1831 891 1961 951 apud
1991 890 2158 938 Doun-

405 997 516 1044 keld
550 999 702 1060 xxviij
742 998 1029 1045 Novembris
1066 1005 1114 1045 et
1150 999 1267 1059 xviij
1309 999 1562 1046 Februarii
1595 1001 1647 1045 in
1682 1015 1808 1046 anno
1844 1008 1922 1046 *tc*
1957 1002 2006 1045 v‘
2038 1001 2158 1063 xijm⁰

405 1105 695 1154 confiderato
728 1113 947 1167 compoto
980 1108 1096 1153 dicti
1126 1108 1377 1168 grauiterii
1407 1123 1502 1168 quo
1528 1110 1588 1154 ad
1609 1077 1943 1170 ferrinamitvj
1968 1110 2017 1155 li.
2086 1109 2156 1156 Et

403 1216 575 1263 eisdem
610 1215 918 1277 servitoribus
956 1216 1135 1262 ferrina
1170 1217 1432 1277 grauiterio
1466 1218 1661 1263 allocan.
1690 1219 1742 1264 in
1772 1219 1898 1265 diem
1932 1235 2156 1266 exonera-

402 1327 548 1372 cionis
583 1327 840 1372 eorundem
872 1341 901 1371 a
932 1327 1154 1386 lapicidio
1184 1327 1269 1387 qui
1299 1326 1396 1372 fuit
1429 1327 1481 1372 in
1515 1342 1641 1373 anno
1675 1327 1856 1373 domini
1891 1335 1970 1375 ‘tc‘
1996 1332 2043 1374 vc
2064 1331 2150 1390 xiij

399 1433 540 1497 xiiijt⁰
562 1433 770 1498 Augusti
796 1442 991 1496 propter
1009 1436 1294 1487 excercitum
1321 1435 1530 1498 Regium
1554 1451 1640 1496 per
1657 1442 1929 1496 compotum
1947 1436 2152 1498 ejusdem

399 1546 577 1592 farrine
596 1547 646 1592 in
664 1547 749 1608 xiij
773 1546 1060 1593 Novembris
1080 1548 1145 1608 vij
1167 1548 1216 1593 li.
1234 1548 1319 1608 xiij
1342 1551 1375 1593 3.
1395 1548 1464 1609 iiij
1485 1544 1531 1593 d.
1566 1547 1636 1594 Et
1651 1549 1882 1593 allocatur
1898 1549 2051 1595 eidem
2066 1563 2153 1609 per

398 1656 730 1703 liberacionem
748 1657 925 1703 factam
947 1657 980 1702 J
981 1657 1158 1703 ohanni
1173 1656 1411 1720 Skougale
1426 1655 1620 1704 existen.
1639 1673 1746 1704 cum
1761 1657 1795 1703 J
1795 1658 1973 1705 ohanni
1988 1659 2150 1720 Wiyse

399 1768 450 1811 in
474 1767 740 1813 lucracione
763 1768 977 1828 lapidum
1003 1768 1141 1814 calcis
1165 1784 1194 1814 a
1217 1773 1388 1828 quarto
1405 1767 1437 1813 J
1439 1768 1625 1830 anuarij
1647 1769 1760 1814 anni
1781 1776 1858 1815 *tc*
1878 1771 1926 1815 vc
1942 1770 2008 1831 xij
2029 1771 2150 1816 citra

400 1877 629 1924 ferrinam
654 1884 889 1938 receptam
915 1894 944 1924 a
966 1879 1159 1925 domino
1183 1879 1310 1939 apud
1330 1878 1484 1940 Clony
1503 1879 1536 1941 ij
1558 1882 1592 1925 3.
1651 1878 1721 1925 Et
1744 1881 1974 1926 allocatur
1997 1881 2148 1927 eidem

397 2003 482 2047 per
505 1988 840 2035 liberacionem
864 1988 1039 2035 factam
1057 1988 1090 2034 J
1091 1989 1269 2035 ohanni
1288 1988 1492 2035 Tulloch
1510 1990 1627 2035 alias
1646 1988 1979 2050 Cwnyngham
1996 1990 2151 2037 latho-

396 2113 474 2144 mo
497 2099 729 2145 conducto
753 2114 782 2144 a
804 2099 950 2145 tercio
974 2097 1195 2145 Octobris
1218 2099 1270 2144 in
1287 2113 1413 2144 anno
1433 2105 1514 2144 *cc*
1531 2100 1579 2143 vc
1595 2099 1716 2159 xijm⁰
1732 2099 1785 2143 in
1802 2098 2003 2144 eundem
2022 2100 2147 2145 diem

394 2223 520 2255 anno
543 2210 761 2255 revoluto
780 2209 960 2270 capien.
984 2210 1036 2255 in
1058 2209 1322 2255 mercedem
1346 2223 1557 2254 annuam
1580 2208 1731 2253 decim
1754 2208 1900 2254 libras
1925 2214 1972 2254 et
1996 2208 2148 2254 Tuni-

393 2334 495 2365 cam
520 2321 758 2366 valentem
780 2319 953 2381 viginti
976 2317 1146 2365 solidos
1169 2319 1219 2380 xj
1246 2318 1294 2363 li.
1369 2317 1438 2364 Et
1465 2319 1696 2363 allocatur
1721 2317 1873 2362 eidem
1902 2332 1988 2377 per
2018 2331 2147 2377 emp-

394 2430 577 2476 cionem
611 2431 1016 2492 noningentorum
1050 2429 1252 2492 triginta
1287 2429 1491 2474 duorum
1527 2442 1724 2473 onerum
1758 2427 1849 2472 luti
1882 2427 1943 2473 ad
1975 2427 2146 2473 funda-

393 2545 610 2585 mentum
631 2537 926 2600 Lanqlstaile
949 2545 995 2585 et
1019 2540 1226 2599 pilarum
1251 2538 1409 2599 pontis
1439 2552 1525 2597 per
1548 2542 1705 2583 totum
1727 2541 1915 2597 tempus
1939 2537 2144 2596 compoti

391 2620 459 2709 ffij
486 2649 535 2694 li.
559 2649 612 2694 ix
635 2651 668 2694 3.
738 2647 808 2695 Et
841 2649 1074 2694 allocatur
1107 2648 1260 2693 eidem
1293 2661 1379 2706 per
1412 2645 1746 2691 liberacionem
1778 2644 1954 2700 factam
1981 2644 2142 2691 Dauid

391 2758 553 2805 Ghent
578 2765 626 2805 et
649 2757 684 2805 J
686 2758 863 2805 ohanni
888 2758 1043 2820 Rogie
1066 2772 1120 2803 ac
1144 2758 1284 2803 certis
1315 2756 1543 2816 operariis
1574 2753 1886 2801 servientibus
1918 2755 2140 2828 lathomis

391 2870 441 2915 in
465 2866 811 2916 constructione
837 2867 900 2914 lie
923 2864 1215 2928 Lamlstaile
1246 2866 1314 2928 iiij
1341 2866 1389 2912 li.
1413 2865 1465 2926 iij
1503 2868 1538 2910 3.
1573 2865 1624 2926 iij
1641 2879 1665 2924 ξι,
1697 2861 1743 2910 d.
1812 2864 1881 2910 Et
1915 2865 2141 2909 allocatur

389 2981 538 3025 eidem
570 2994 656 3040 per
684 2980 976 3040 empcionem
1007 2979 1212 3025 duorum
1243 2976 1448 3022 millium
1472 2981 1519 3044 et
1543 2976 1914 3036 quingentorum
1942 2987 2149 3027 onerum
