2964 3892
928 554 1155 599 PONTIS
1184 554 1681 599 DUNKELDENSIS.
2090 562 2185 611 127

437 719 465 749 a
498 700 616 749 {ilva
647 676 717 765 i‘i'ij
745 701 790 749 d.
859 703 928 750 Et
963 705 1195 750 allocatur
1227 704 1380 750 eidem
1408 718 1495 764 per
1525 702 1858 750 liberacionem
1889 701 2065 748 factam
2095 717 2183 762 pro

435 813 725 860 confectione
748 814 960 874 quinque
982 810 1046 859 lie
1050 810 1228 875 stcupis
1251 813 1312 859 ad
1335 813 1601 874 querellam¹
1616 827 1684 858 xv
1706 809 1752 858 d.
1816 810 1886 858 Et
1908 812 1959 857 in
1982 811 2184 870 empcio-

435 940 544 970 nem
579 926 723 971 unius
756 923 881 970 sacce
914 940 1002 984 pro
1037 925 1229 970 verudis
1262 922 1503 970 servandis
1535 923 1585 968 in
1617 922 1780 968 avenis
1811 922 1846 982 ij
1873 925 1908 967 ἔ.
1940 920 2184 967 deliberat.

434 1034 572 1080 dictis
595 1035 775 1096 aurigis
802 1049 889 1094 pro
913 1049 1010 1094 qua
1033 1033 1381 1094 respondebunt
1437 1032 1506 1079 Et
1524 1034 1755 1079 allocatur
1772 1032 1925 1078 eidem
1942 1047 2027 1092 per
2043 1031 2184 1078 liber-

431 1144 840 1190 acionemifactam
864 1159 952 1203 pro
977 1143 1192 1188 ducentis
1220 1143 1394 1204 viginti
1423 1148 1632 1203 quatuor
1662 1142 1893 1189 oneribus
1916 1139 1980 1187 lie
1994 1139 2182 1202 stcail3e

429 1269 512 1313 per
546 1260 735 1312 tempus
770 1254 977 1313 compoti
1009 1254 1168 1312 precio
1203 1249 1454 1313 cujUssibet
1488 1253 1643 1298 oneris
1673 1254 2179 1300 denariusfextenden.

427 1364 478 1407 in
512 1363 713 1422 pecunia
746 1363 807 1408 ad
841 1362 960 1423 xviij
988 1366 1022 1408 ἔ.
1047 1362 1131 1424 viij
1158 1358 1203 1407 d.
1271 1360 1341 1407 Et
1376 1362 1608 1407 allocatur
1639 1362 1790 1407 eidem
1822 1377 1909 1422 per
1938 1363 2182 1409 liberacio-

426 1487 535 1518 nem
581 1472 757 1518 factam
805 1474 944 1519 certis
990 1471 1299 1518 servitoribus
1345 1471 1650 1532 portantibus
1690 1486 1866 1518 avenas
1907 1487 1935 1517 a
1975 1472 2180 1532 Capetht

427 1578 622 1628 diverfis
651 1583 834 1628 vicibus
867 1583 1097 1642 pabulum
1121 1598 1150 1627 a
1173 1582 1337 1642 Fordy
1359 1578 1547 1626 Wester
1570 1581 1755 1641 Capeth
1784 1581 1990 1628 Stewart
2012 1583 2178 1644 aurige

426 1691 635 1736 venienti
651 1692 711 1736 ad
728 1691 969 1737 Tullelum
985 1707 1073 1751 pro
1091 1691 1238 1752 bigha
1260 1696 1306 1736 et
1330 1691 1435 1736 aliis
1451 1691 1659 1752 negociis
1678 1691 1743 1753 vij
1765 1695 1799 1737 ἔ.
1825 1692 1873 1753 vj
1893 1688 1938 1737 d.
1974 1690 2043 1737 Et
2066 1693 2179 1738 allo-

424 1805 561 1846 catur
575 1801 727 1846 eidem
742 1815 826 1860 per
839 1801 1172 1847 liberacionem
1189 1800 1363 1847 factam
1380 1800 1592 1847 Roberto
1610 1800 1851 1860 Merl3one
1865 1816 1954 1861 pro
1968 1802 2177 1847 emendis

426 1909 589 1954 tunica
611 1915 659 1954 et
682 1906 880 1955 camefia
901 1907 984 1955 suo
1007 1909 1188 1955 famulo
1211 1908 1370 1955 Alano
1392 1910 1522 1955 ultra
1544 1909 1737 1955 feodum
1762 1910 1829 1971 vij
1856 1913 1890 1955 ἔ.
1914 1881 1984 1971 ifi‘j
2004 1906 2050 1955 d.
2108 1908 2177 1955 Et

425 2017 611 2064 Thome
645 2018 810 2064 Sawar
839 2017 973 2064 servo
1003 2018 1200 2065 Domini
1224 2018 1435 2064 defuncti
1459 2024 1507 2065 et
1529 2033 1658 2065 nunc
1681 2020 1845 2080 aurige
1867 2034 1955 2079 pro
1978 2020 2177 2065 emenda

427 2129 590 2173 tunica
614 2128 662 2189 vj
690 2132 724 2173 ἔ.
749 2129 832 2189 viij
858 2125 904 2173 d.
972 2127 1042 2173 Et
1072 2129 1303 2173 allocatur
1334 2104 1485 2172 eidem
1517 2142 1602 2187 per
1634 2127 1968 2173 liberacionem
1999 2127 2175 2174 factam

421 2238 562 2283 certis
596 2237 898 2299 garcionibus
934 2236 1334 2298 congregantibus
1367 2237 1528 2297 virgas
1559 2251 1647 2296 pro
1678 2237 1831 2282 corbis
1865 2243 1913 2283 et
1946 2234 2173 2283 barrouis

421 2347 720 2393 conficiendis
744 2346 796 2406 iij
824 2349 858 2391 ἔ.
883 2317 951 2407 isi}
977 2342 1023 2390 d.
1092 2343 1161 2390 Et
1184 2346 1414 2390 allocatur
1438 2344 1590 2390 eidem
1613 2359 1699 2404 per
1721 2344 2053 2390 liberacionem
2076 2345 2172 2392 fac-

420 2462 521 2501 tam
556 2455 763 2516 Georgio
797 2455 984 2515 Bernys
1021 2460 1070 2501 et
1104 2455 1210 2500 aliis
1244 2453 1398 2500 secum
1431 2455 1675 2500 conductis
1706 2470 1794 2514 pro
1828 2452 2171 2502 constructione

418 2562 530 2611 fosse
554 2566 713 2610 warde
737 2565 1026 2611 verudorum
1050 2565 1178 2625 apud
1206 2570 1398 2624 pratum
1426 2563 1681 2625 Drumboy
1710 2565 1777 2626 xlj
1803 2567 1839 2612 ἔ.
1907 2563 1977 2610 Et
1999 2565 2050 2610 in
2073 2565 2170 2611 feo—

419 2677 534 2721 dum
558 2676 873 2735 compotantis
898 2671 1189 2720 confiderato
1212 2675 1316 2735 ejus
1339 2674 1500 2720 labore
1523 2675 1575 2720 in
1597 2675 1795 2735 pecunie
1824 2667 2091 2735 receptione
2120 2681 2167 2721 et

419 2787 469 2831 in
493 2800 748 2846 parvarum
775 2783 1067 2831 summarum
1091 2781 1424 2830 distributione
1441 2785 1667 2831 continua
1681 2786 1806 2832 circa
1827 2785 2092 2832 laborantes
2115 2785 2167 2829 in

419 2911 559 2956 opere
583 2911 720 2942 arcus
745 2910 851 2941 cum
878 2894 1029 2940 fundo
1052 2894 1138 2954 pili
1162 2894 1213 2939 in
1237 2908 1361 2954 aqua
1383 2890 1475 2940 xx‘¹
1497 2894 1547 2940 li.

1627 2973 1660 2992 or
1679 2967 1700 2993 C
1746 2974 1778 2993 or
1803 2967 1856 2993 XX

549 3003 747 3051 Summa
784 3004 997 3050 omnium
1033 3001 1346 3063 expensarum
1378 3000 1584 3064 Argenti
1613 3003 1682 3063 iiij
1725 3004 1794 3064 iiij
1886 3002 1968 3062 xvj
1994 3001 2043 3046 li.
2067 3000 2101 3062 ij
2128 3003 2162 3046 ἔ.

549 3116 600 3160 ix
622 3112 667 3161 d.
737 3114 806 3160 Et
828 3110 890 3160 fic
914 3110 1090 3160 restant
1113 3128 1201 3173 pro
1224 3113 1396 3174 quibus
1419 3111 1717 3173 respondebit
1739 3112 1806 3174 xlj
1833 3115 1867 3159 ἔ.
1890 3111 1924 3173 ij
1950 3107 1995 3156 d.
