2964 3892
788 536 883 585 126
1170 534 1527 580 COMPOTUM
1556 531 1864 578 MAGISTRI
1892 529 2161 578 FABRICE

779 680 997 746 Januarij
1022 679 1245 730 inclufive
1267 681 1472 745 ejusdem
1494 681 1607 727 anni
1629 686 1685 726 ut
1707 686 1839 740 patet
1860 694 1946 740 per
1965 679 2113 726 libros
2132 679 2371 725 dietarum
2387 692 2512 726 com-

781 794 989 852 potantis
1010 790 1297 853 presentatos
1319 798 1367 838 et
1388 790 1739 850 particulariter
1761 790 2055 835 examinatos
2078 786 2217 848 super
2243 791 2516 847 compotum

781 902 833 947 in
856 908 1044 949 centum
1066 901 1381 962 quadraginta
1398 901 1608 960 quinque
1626 899 1760 945 libris
1784 899 2054 960 quindecim
2077 895 2236 943 solidis
2259 902 2308 943 et
2330 896 2516 943 duobus

781 1010 985 1057 denariis
1005 1011 1047 1071 j⁶
1062 1010 1146 1055 xlv
1169 1010 1217 1055 li.
1241 1023 1307 1055 xv
1329 1012 1364 1054 ἔ.
1388 1009 1421 1070 ij
1446 1006 1493 1054 d.
1560 1008 1630 1054 Et
1652 1010 1880 1055 allocatur
1903 1008 2055 1054 eidem
2078 1022 2162 1068 per
2184 1007 2517 1053 liberacionem

778 1119 948 1165 factam
973 1118 1086 1164 M⁶1e
1117 1133 1205 1179 pro
1234 1119 1355 1178 pelle
1386 1119 1560 1178 equina
1587 1119 1647 1163 ad
1671 1118 1979 1164 conficiendas
2002 1117 2199 1177 pephias
2225 1117 2516 1162 verudorum

779 1198 849 1288 ΞΕ]
869 1230 904 1272 ἔ.
951 1225 1020 1272 Et
1043 1227 1193 1272 eidem
1216 1241 1305 1287 pro
1328 1225 1620 1273 confectione
1639 1241 1809 1273 novem
1829 1226 2111 1287 pephiarum
2135 1226 2193 1271 de
2216 1226 2379 1271 eodem
2402 1226 2515 1285 pelli

779 1340 825 1380 et
847 1335 958 1395 pelli
981 1336 1079 1397 lyn.
1105 1349 1137 1381 v
1159 1339 1195 1381 ἔ.
1218 1335 1301 1396 viij
1326 1332 1372 1380 d.
1442 1334 1510 1381 Et
1533 1337 1763 1382 allocatur
1791 1336 1943 1381 eidem
1974 1336 2027 1381 in
2049 1336 2341 1395 empcionem
2370 1335 2514 1380 unius

776 1444 974 1503 pectinis
997 1444 1111 1490 ferri
1135 1445 1324 1490 verudis
1343 1445 1628 1490 mundandis
1647 1445 1827 1506 aurigis
1844 1445 2089 1491 deliberati
2106 1459 2195 1505 pro
2212 1460 2309 1505 quo
2326 1442 2514 1504 respon-

774 1554 952 1599 debunt
974 1553 1022 1614 vj
1047 1550 1092 1598 d.
1161 1552 1230 1598 Et
1259 1554 1489 1598 allocatur
1519 1554 1670 1598 eidem
1702 1568 1788 1613 per
1816 1553 2150 1599 liberacionem
2178 1553 2355 1600 factam
2377 1553 2513 1600 fabro

772 1663 829 1708 de
851 1661 1138 1724 Slogynhole
1160 1676 1247 1722 pro
1269 1661 1558 1708 confectione
1581 1662 1724 1708 unius
1747 1659 1812 1708 lie
1830 1659 1924 1725 pile
1946 1662 2061 1709 ferri
2084 1677 2143 1709 ex
2161 1662 2289 1709 ferro
2306 1661 2514 1724 ejusdem

773 1772 894 1818 fabri
917 1771 1173 1817 deliberato
1194 1770 1227 1816 J
1228 1771 1373 1818 acobo
1396 1771 1577 1818 Lokert
1599 1772 1799 1832 lapicide
1823 1772 2074 1832 principali
2097 1786 2185 1832 pro
2207 1787 2303 1832 quo
2326 1770 2515 1833 respon-

774 1881 903 1927 debit
924 1881 975 1942 iij
1002 1884 1037 1926 3.
1062 1881 1144 1942 viij
1170 1878 1215 1926 d.
1307 1880 1376 1927 Et
1406 1882 1559 1927 eidem
1594 1896 1682 1941 pro
1705 1881 1997 1928 confectione
2019 1883 2226 1930 duorum
2254 1878 2318 1928 lie
2340 1880 2515 1929 cadou-

775 1975 963 2045 nalisex
973 1989 1099 2035 ferro
1113 1991 1425 2049 compotantis
1444 1990 1701 2037 deliberato
1718 1991 1899 2038 Catour
1915 2007 2004 2052 pro
2022 1991 2197 2052 quibus
2217 1991 2515 2053 respondebit

774 2097 843 2158 iiij
868 2093 913 2141 d.
983 2096 1050 2142 Et
1072 2097 1301 2142 allocatur
1323 2097 1474 2143 eidem
1497 2098 1549 2143 in
1571 2099 1863 2158 empcionem
1893 2106 2083 2146 centum
2115 2098 2360 2163 sexaginta
2398 2116 2515 2162 qua-

776 2212 884 2252 tuor
905 2202 969 2251 lie
990 2202 1199 2264 thraiffla
1219 2206 1382 2266 pabuli
1408 2207 1529 2253 varii
1553 2208 1699 2267 precii
1722 2209 1971 2255 extenden.
1995 2210 2056 2255 ad
2078 2210 2213 2271 xxxij
2235 2214 2270 2256 ἔ.
2294 2225 2379 2270 per
2397 2217 2515 2257 tem-

776 2330 864 2374 pus
887 2315 1091 2375 compoti
1114 2315 1173 2361 ad
1198 2316 1400 2362 verudos
1470 2315 1539 2362 Et
1560 2318 1611 2362 in
1634 2319 1925 2378 empcionem
1948 2320 2092 2366 unius
2115 2321 2260 2380 pauni
2285 2322 2400 2367 lanii
2426 2337 2515 2382 pro

775 2423 1059 2470 confectione
1076 2420 1141 2469 lie
1153 2421 1403 2486 pannellis
1425 2426 1714 2472 verudorum
1736 2427 1787 2473 ix
1804 2424 1850 2473 d.
1907 2426 1977 2474 Et
1998 2429 2227 2475 allocatur
2250 2430 2403 2476 eidem
2426 2446 2512 2491 per

775 2532 1100 2579 liberacionem
1124 2533 1296 2580 factam
1321 2534 1529 2581 Domino
1546 2534 1796 2582 Anthonio
1819 2536 2088 2584 M‘Dowale
2109 2552 2198 2598 pro
2221 2539 2513 2587 confectione

773 2647 978 2701 quatuor
999 2648 1210 2688 rotarum
1233 2643 1453 2690 redarum
1476 2659 1562 2704 per
1587 2651 1774 2706 tempus
1798 2648 2003 2707 compoti
2027 2648 2180 2710 xxviij
2206 2652 2241 2695 ἕ.
2299 2648 2369 2696 Et
2392 2650 2513 2712 ejus-

775 2750 882 2795 dem
904 2749 1071 2795 famuli
1089 2748 1291 2796 Walteri
1313 2766 1399 2811 pro
1422 2751 1708 2801 correctione
1730 2756 1874 2802 unius
1890 2761 1994 2803 rote
2012 2763 2061 2803 et
2077 2755 2378 2818 impoficione
2396 2761 2513 2806 duo-

773 2872 879 2903 rum
897 2853 961 2903 lie
977 2855 1154 2904 extreis
1171 2859 1254 2920 viij
1275 2856 1321 2904 d.
1366 2859 1434 2907 Et
1454 2863 1683 2909 allocatur
1700 2864 1852 2911 eidem
1874 2879 1960 2926 per
1980 2865 2312 2914 liberacionem
2334 2868 2511 2914 factam

770 2965 800 3010 J
803 2966 978 3013 ohanni
1003 2966 1144 3029 Rogy
1174 2982 1261 3028 pro
1284 2968 1503 3015 ductione
1532 2979 1738 3031 quatuor
1771 2989 1969 3021 onerum
1992 2971 2058 3021 lie
2070 2973 2271 3037 spaikis
2300 2983 2512 3023 rotarum
