3112 3912
1375 931 1454 984 II.

845 1151 1256 1207 MAGISTER
1295 1154 1634 1212 FABRICE
1681 1161 1839 1214 PON
1844 1160 1977 1225 TIS,

1224 1338 1309 1391 M.
1326 1337 1395 1391 D.
1416 1338 1590 1393 XIII.

548 1546 948 1611 COMPOTUM
985 1564 1206 1628 Magistri
1241 1566 1503 1614 Alexandri
1541 1569 1713 1630 Mylne‘
1742 1570 1967 1617 Canonici
2002 1570 2275 1618 Dounkeld-

544 1671 664 1719 enfis
687 1689 741 1720 ac
775 1664 996 1736 Magistri
1019 1675 1194 1722 fabrice
1219 1676 1386 1723 Pontis
1409 1676 1614 1739 eJusdem
1645 1680 1882 1725 redditum
1904 1681 2029 1740 apud
2053 1680 2274 1726 Dunkeld

542 1783 723 1829 decimo
759 1782 955 1844 septimo
994 1786 1069 1830 die
1108 1783 1277 1832 menfis
1318 1785 1603 1833 Novembris
1651 1803 1774 1834 anno
1811 1789 1988 1834 domini
2033 1786 2273 1835 millefimo

541 1883 917 1963 quingentesimo
950 1895 1131 1940 decimo
1167 1896 1310 1941 tertio
1350 1895 1423 1942 De
1459 1897 1676 1943 omnibus
1710 1897 1804 1944 suis
1836 1897 2053 1958 Receptis
2093 1904 2141 1944 et
2176 1897 2275 1944 Ex-

540 1999 693 2060 penfis
717 2002 777 2048 ab
799 2004 1001 2049 introitu
1023 2001 1106 2050 suo
1129 2005 1190 2050 ad
1213 2020 1374 2051 curam
1398 2006 1522 2052 dicte
1546 2006 1724 2052 fabrice
1752 2007 1827 2053 die
1850 2008 2066 2053 videlicet
2095 2008 2274 2053 decimo

543 2116 709 2157 octavo
733 2110 902 2158 menfis
926 2113 1045 2174 Maij
1073 2114 1242 2175 vigilia
1257 2112 1589 2161 Penthecostes
1612 2116 1664 2161 in
1688 2130 1812 2162 anno
1834 2116 2013 2162 domini
2034 2113 2274 2162 millesimo

541 2219 916 2283 quingentesimo
956 2223 1136 2269 decimo
1182 2229 1229 2269 et
1277 2222 1636 2271 consecrationis
1681 2225 1859 2271 domini
1898 2222 2045 2271 nostri
2084 2224 2274 2287 Georgii

542 2328 766 2391 Episcopi
790 2327 1015 2393 vigefimo
1037 2331 1167 2379 sexto
1190 2331 1505 2380 Auditoribus

572 2535 574 2537 ⁵
611 2548 764 2595 IDEM
796 2550 1087 2611 Compotans
1117 2558 1282 2598 onerat
1308 2551 1354 2599 se
1384 2553 1441 2598 de
1468 2552 1613 2613 iij¹¹ix
1635 2553 1684 2598 li.
1707 2553 1791 2615 xiij
1816 2555 1851 2598 ἔ.
1874 2553 1957 2614 viij
1982 2549 2028 2598 d.
2050 2516 2118 2598 de·
2133 2551 2276 2600 Resta

541 2659 699 2705 ultimi
716 2653 718 2655 ’
735 2659 956 2720 Compoti
991 2660 1128 2722 officij
1170 2662 1425 2708 decanatus
1457 2659 1793 2709 Cristianitatis
1823 2659 2194 2709 Dounkeldenfis
2218 2664 2275 2709 de

541 2766 715 2832 Angue
738 2775 795 2816 ut
816 2775 947 2830 patet
970 2771 1020 2817 in
1042 2771 1159 2831 pede
1182 2769 1388 2831 ejusdem
1410 2771 1582 2818 redditi
1604 2777 1661 2818 ut
1681 2769 1824 2834 supra

1138 2877 1336 2927 Summa
1358 2878 1500 2928 Reste
1521 2886 1653 2942 patet
