2964 3892
1015 492 1241 539 PONTIS
1269 495 1758 541 DUNKELDENSIS.
2169 506 2262 552 135

516 657 601 702 per
624 644 914 703 empcionem
949 645 1123 706 viginti
1153 645 1390 693 serrorum
1421 661 1687 709 vangarum
1718 661 1803 706 per
1833 653 2021 707 tempus
2055 652 2262 710 compoti

515 754 600 815 xiij
634 758 669 799 ἕ.
738 752 808 799 Et
846 754 899 800 in
937 756 1228 815 empcionem
1270 756 1540 817 quindecim
1579 755 1816 803 ferrorum
1853 756 2141 803 tribulorum
2177 774 2261 819 per

511 861 637 907 idem
671 867 858 922 tempus
894 834 964 924 ifi'j
990 866 1024 908 ἔ.
1055 835 1127 925 iiij
1153 861 1198 910 d.
1267 863 1337 910 Et
1377 866 1608 911 allocatur
1647 865 1800 910 eidem
1839 880 1925 925 per
1964 867 2256 925 empcionem

511 973 823 1018 ducentorum
857 974 1179 1035 quadraginta
1209 976 1453 1020 clavorum
1476 989 1564 1034 pro
1587 971 1651 1020 lie
1674 972 1880 1021 centreis
1901 975 1962 1022 ab
1984 975 2262 1023 Alexandro

506 1080 641 1126 fabro
665 1081 723 1126 de
758 1080 1048 1142 Slogynhole
1078 1082 1237 1141 precio
1260 1082 1294 1143 ij
1321 1084 1355 1127 ἔ.
1379 1054 1450 1143 iiij
1476 1079 1522 1128 d.
1590 1081 1660 1128 Et
1682 1084 1734 1129 in
1755 1083 1986 1130 fractione
2009 1091 2056 1130 et
2079 1085 2260 1131 confec-

505 1189 632 1235 tione
664 1191 983 1251 quadraginta
1016 1191 1220 1236 duorum
1252 1188 1539 1237 frustrorum
1574 1191 1689 1238 ferri
1720 1194 1771 1238 in
1800 1194 1945 1239 clavis
1969 1191 2034 1240 lie
2055 1192 2259 1240 centreis

503 1309 550 1348 et
586 1304 732 1349 clavis
769 1319 1001 1365 equorum
1041 1320 1127 1365 per
1166 1311 1356 1366 tempus
1395 1306 1603 1365 compoti
1637 1277 1774 1366 xxiiij
1808 1309 1844 1351 ἔ.
1877 1306 1924 1366 vj
1951 1303 1997 1351 d.
2066 1306 2135 1353 Et
2168 1322 2256 1367 pro

501 1412 717 1458 acutione
740 1411 977 1459 serrorum
1000 1410 1064 1459 lie
1082 1411 1299 1477 prentez's
1321 1429 1406 1474 per
1429 1420 1618 1474 tempus
1642 1414 1849 1473 compoti
1871 1385 1942 1475 iioi}
1965 1416 1999 1459 ἔ.
2051 1412 2120 1459 Et
2137 1416 2252 1461 allo-

500 1528 635 1568 catur
665 1524 816 1569 eidem
849 1540 935 1583 pro
959 1524 1251 1571 confectione
1274 1530 1483 1584 quatuor
1504 1524 1742 1570 serrorum
1767 1522 1942 1583 Diykis
1966 1538 2055 1583 pro
2078 1524 2253 1585 quibus

502 1631 801 1691 respondebit
825 1649 879 1678 ac
903 1634 1190 1680 correctione
1214 1635 1416 1681 aliorum
1441 1640 1489 1679 et
1511 1632 1749 1680 serrorum
1767 1631 1944 1679 Aisone
1962 1648 2048 1692 per
2064 1639 2252 1694 tempus

500 1744 706 1803 compoti
729 1744 849 1805 xviij
879 1741 925 1789 d.
993 1743 1063 1790 Et
1098 1745 1250 1791 eidem
1283 1760 1372 1805 pro
1407 1744 1698 1791 confectione
1730 1744 1875 1790 clavis
1905 1740 2049 1790 hostii
2077 1741 2250 1791 stabuli

499 1856 747 1902 exterioris
784 1871 844 1902 ex
879 1862 1016 1917 parte
1050 1855 1246 1903 australi
1281 1872 1402 1918 aque
1436 1829 1505 1919 iiij
1533 1854 1579 1903 d.
1647 1856 1718 1902 Et
1751 1857 1982 1903 allocatur
2012 1856 2164 1903 eidem
2197 1858 2249 1903 in

498 1966 838 2013 confectionem
862 1968 1176 2014 ducentorum
1198 1969 1519 2029 quadraginta
1542 1968 1787 2013 clavorum
1811 1965 2137 2013 confectorum
2160 1982 2248 2027 pro

496 2074 649 2122 hostio
671 2078 809 2123 navis
832 2075 1017 2124 ecclefie
1041 2078 1358 2124 Dounkelden
1382 2092 1442 2123 ex
1464 2082 1601 2137 parte
1623 2076 1803 2122 boreali
1827 2077 1886 2121 de
1904 2076 2104 2136 antiquo
2121 2076 2248 2122 ferro

493 2187 651 2246 precio
673 2187 740 2249 xij
766 2184 812 2233 d.
882 2186 951 2234 Et
973 2201 1063 2247 pro
1085 2187 1379 2234 confectione
1402 2192 1610 2248 quatuor
1633 2183 1697 2232 lie
1713 2183 1921 2247 straikis
1948 2187 2006 2231 de
2036 2186 2164 2234 ferro
2186 2188 2247 2233 ad

795 2266 829 2286 01·

493 2405 771 2465 campanilis
811 2405 859 2465 vj
895 2402 941 2452 d.
1015 2405 1104 2452 Et*
1127 2421 1214 2466 pro
1256 2406 1544 2452 correctione
1578 2405 1826 2452 duodecim
1859 2401 1924 2450 lie
1956 2400 2245 2449 doulbandis

491 2515 539 2575 vj
559 2512 605 2560 d.
662 2513 732 2559 Et
754 2516 985 2562 allocatur
1006 2518 1299 2578 compotanti
1323 2531 1408 2576 per
1430 2515 1764 2562 liberacionem
1786 2514 1963 2561 factam
1980 2513 2242 2561 Willielmo

489 2624 763 2679 Leirmond,
792 2639 882 2685 pro
909 2625 1048 2672 firma
1077 2627 1247 2673 domus
1277 2625 1358 2673 sue
1387 2628 1448 2672 ad
1471 2624 1812 2673 conservandas
1837 2639 2012 2672 avenas
2036 2626 2239 2672 verudo-

489 2749 598 2780 rum
632 2750 720 2796 pro
753 2736 960 2782 dimedio
989 2736 1105 2782 anni
1134 2750 1168 2782 x
1192 2739 1226 2783 ἔ.
1295 2736 1365 2783 Et
1387 2736 1649 2783 Willielmo
1672 2735 1953 2782 Wichtman
1983 2750 2070 2795 pro
2101 2735 2238 2781 firma

487 2843 659 2891 stabuli
693 2861 753 2892 ex
786 2843 982 2893 australi
1015 2852 1151 2906 parte
1189 2861 1309 2907 aque
1342 2847 1400 2893 de
1432 2845 1571 2907 Taya
1601 2847 1659 2893 de
1690 2845 1876 2893 duobus
1908 2845 2122 2892 terminis
2147 2844 2235 2904 vi3.

486 2954 818 3003 Penthecostes
851 2963 898 3002 et
930 2955 1091 3002 Sancti
1126 2956 1324 3003 Mertini
1355 2957 1407 3002 in
1438 2956 1609 3017 hyeme
1635 2957 1687 3003 in
1711 2971 1837 3004 anno
1861 2963 1939 3001 ‘tc‘
1966 2956 2013 2999 vc
2035 2954 2237 3001 decimo-
