2964 3892
782 536 874 579 120
1175 527 1524 573 COMPOTUM
1552 525 1860 571 MAGISTRI
1888 523 2159 569 FABRICE
2226 536 2229 539 '

778 631 970 726 ver-udis
988 678 1210 725 ducendis
1227 691 1314 738 pro
1329 676 1502 738 quibus
1519 673 1867 735 respondebunt
1886 673 1937 735 iij
1957 675 1993 719 ἔ.
2011 672 2096 734 viij
2115 670 2162 719 d.
2198 670 2267 718 Et
2281 673 2513 721 allocatur

778 789 929 836 eidem
957 789 1009 836 in
1031 788 1319 848 empcionem
1342 785 1628 847 septinginta
1650 784 1851 847 triginta
1881 783 1961 832 sex
1990 799 2189 831 onerum
2212 780 2277 829 lie
2288 780 2404 846 fail
2421 798 2511 845 pro

777 899 1047 946 detencione
1091 910 1214 957 aque
1259 900 1307 942 et
1351 892 1676 955 expulsacione
1714 893 1923 958 eJusdem
1960 911 1989 942 a
2027 893 2413 942 circumferencia
2447 895 2515 940 lo-

778 1023 940 1055 corum
963 1008 1166 1054 duorum
1189 1002 1254 1051 lie
1274 1001 1530 1051 brancleris
1562 1011 1757 1066 propter
1790 1006 2154 1052 mundacionem
2177 1004 2317 1052 fundi
2351 1004 2512 1065 precio

776 1118 930 1163 oneris
953 1115 1173 1162 denarius
1195 1114 1441 1161 extenden.
1466 1114 1519 1161 in
1539 1115 1676 1162 totali
1693 1115 1894 1175 pecunia
1911 1116 1970 1162 ad
1995 1116 2046 1178 iij
2073 1116 2123 1161 li.
2148 1115 2230 1177 xvj
2257 1111 2302 1160 d.
2357 1113 2424 1160 Et
2447 1115 2515 1160 al-

774 1228 956 1273 locatur
976 1224 1128 1271 eidem
1161 1239 1246 1285 per
1278 1224 1609 1272 liberacionem
1641 1224 1816 1271 factam
1850 1223 2130 1271 Alexandro
2156 1224 2353 1287 Smytht
2375 1224 2512 1272 fabro

773 1335 823 1381 in
846 1334 1131 1381 Dunkelden
1163 1349 1250 1395 per
1271 1339 1459 1395 tempus
1479 1336 1686 1395 compoti
1708 1336 1760 1381 in
1782 1335 2062 1382 fractionem
2087 1341 2194 1382 octo
2220 1333 2509 1382 frustrorum

774 1444 887 1492 ferri
904 1451 952 1492 et
973 1444 1308 1491 confectionem
1331 1446 1586 1491 eorundem
1609 1446 1661 1491 in
1682 1445 1821 1493 ferris
1838 1461 2071 1507 equorum
2091 1446 2272 1506 capien.
2289 1461 2379 1507 pro
2395 1462 2512 1508 quo-

774 1553 889 1599 libet
907 1550 1084 1599 frustro
1106 1558 1211 1599 octo
1233 1552 1449 1598 denarios
1472 1554 1719 1599 extenden.
1743 1553 1794 1599 in
1816 1555 2019 1613 pecunia
2042 1555 2102 1600 ad
2125 1556 2173 1616 vj
2201 1559 2236 1601 ἔ.
2260 1526 2331 1617 ἰὶἶῇ
2355 1552 2401 1601 d.
2443 1554 2512 1601 Et

774 1662 922 1708 eidem
946 1676 1033 1722 pro
1049 1660 1337 1713 confectione
1353 1661 1564 1722 quinque
1586 1662 1821 1709 serrorum
1839 1678 2071 1724 equorum
2090 1665 2148 1710 de
2171 1664 2371 1725 antiquo
2384 1664 2512 1712 ferro

773 1777 984 1818 rotarum
1006 1787 1040 1817 x
1061 1768 1107 1817 d.
1174 1770 1244 1817 Et
1273 1772 1423 1818 eidem
1454 1772 1505 1818 in
1533 1771 1813 1820 fractionem
1836 1774 1980 1821 unius
2003 1771 2168 1820 frustri
2192 1756 2512 1821 et'correctio-

772 1895 879 1927 nem
902 1879 1144 1927 tresdecim
1161 1879 1396 1927 serrorum
1419 1877 1483 1928 lie
1495 1880 1721 1944 prenteae‘s
1741 1898 1851 1930 cum
1873 1884 2038 1931 eodem
2060 1884 2162 1946 xxij
2182 1880 2229 1930 d.
2264 1883 2334 1931 Et
2357 1885 2510 1931 eidem

770 2005 857 2049 pro
869 1991 1155 2037 correctione
1169 1986 1233 2036 lie
1248 1988 1467 2053 hammyr
1482 1989 1610 2039 aikis
1622 1999 1670 2040 et
1684 1994 1832 2055 mallij
1853 1995 2113 2041 eorundem
2130 1995 2165 2056 ij
2192 1998 2227 2041 ἔ.
2264 1993 2334 2041 Et
2355 1995 2508 2041 eidem

771 2100 821 2145 in
843 2099 1121 2146 fractionem
1152 2101 1408 2147 octodecim
1433 2099 1720 2149 frustrorum
1741 2103 1857 2150 ferri
1891 2110 1940 2150 et
1972 2106 2232 2151 eorundem
2258 2104 2510 2151 confectio-

770 2223 878 2257 nem
914 2210 967 2256 in
1000 2211 1159 2257 clauos
1192 2207 1258 2257 lie
1286 2209 1504 2258 Sentreis
1536 2218 1585 2259 et
1617 2211 1785 2259 Cimbe
1817 2213 1993 2274 lapidie
2019 2214 2078 2260 de
2110 2212 2316 2274 Capetht
2349 2215 2435 2276 xvj
2472 2218 2507 2260 ἔ.

769 2289 840 2381 iii}
861 2315 908 2364 d.
975 2317 1044 2365 Et
1065 2319 1215 2365 eidem
1240 2334 1328 2380 pro
1352 2320 1644 2368 confectione
1665 2321 1976 2369 tricentorum
1994 2322 2168 2385 viginti
2184 2323 2430 2370 clauorum
2447 2326 2509 2372 ad

768 2425 832 2473 lie
846 2425 1062 2474 bulwark
1084 2435 1131 2476 et
1153 2426 1371 2476 Sentreis
1391 2432 1450 2477 de
1472 2432 1670 2492 antiquo
1685 2431 1814 2479 ferro
1835 2432 1903 2494 xij
1922 2428 1969 2480 d.
2036 2431 2108 2480 Et
2128 2434 2280 2480 eidem
2303 2449 2393 2494 pro
2406 2450 2508 2482 cor-

771 2538 976 2584 rectione
997 2544 1323 2586 sexeentorum
1345 2542 1591 2588 clauorum
1614 2542 1922 2603 antiquorum
1943 2557 2012 2589 xv
2033 2539 2081 2589 d.
2148 2542 2219 2591 Et
2241 2545 2394 2591 eidem
2415 2561 2506 2607 pro

770 2646 983 2692 ducentis
1006 2652 1054 2693 et
1081 2647 1324 2695 duodecim
1346 2646 1410 2697 lie
1431 2649 1649 2698 remowis
1677 2667 1762 2712 per
1794 2659 1982 2714 tempus
2006 2655 2211 2715 compoti
2233 2655 2317 2717 xvj
2344 2658 2378 2701 ἔ.
2402 2670 2436 2701 x
2457 2652 2505 2701 d.

770 2754 839 2803 Et
860 2770 949 2817 pro
969 2753 1257 2822 liefrosting
1275 2774 1359 2820 per
1380 2762 1503 2808 idem
1527 2769 1716 2824 tempus
1737 2763 1857 2826 xxiij
1884 2760 1931 2810 d.
1998 2762 2070 2810 Et
2093 2776 2183 2825 pro
2203 2763 2434 2812 fractione
2457 2774 2505 2813 et

770 2865 1057 2915 confectione
1078 2868 1223 2915 unius
1243 2866 1407 2917 frustri
1429 2872 1481 2918 in
1502 2887 1600 2919 uno
1621 2870 1686 2919 lie
1712 2871 1989 2921 cadownale
2010 2879 2059 2920 et
2080 2875 2368 2921 correctione
2390 2875 2506 2921 alte-

767 2975 866 3022 rius
888 2976 955 3038 xij
972 2974 1020 3026 d.
1086 2976 1153 3026 Et
1169 2979 1320 3026 eidem
1342 2994 1430 3041 pro
1446 2982 1735 3031 confectione
1757 2985 1905 3032 trium
1927 2980 2172 3045 liefifihis
2186 2999 2247 3032 ex
2267 2999 2366 3033 uno
2381 2983 2503 3033 frus-
