<?xml version="1.0" encoding="UTF-8"?>
<!DOCTYPE html PUBLIC "-//W3C//DTD XHTML 1.0 Transitional//EN"
    "http://www.w3.org/TR/xhtml1/DTD/xhtml1-transitional.dtd">
<html xmlns="http://www.w3.org/1999/xhtml" xml:lang="en" lang="en">
 <head>
  <title>
</title>
<meta http-equiv="Content-Type" content="text/html;charset=utf-8" />
  <meta name='ocr-system' content='tesseract 3.04.00' />
  <meta name='ocr-capabilities' content='ocr_page ocr_carea ocr_par ocr_line ocrx_word'/>
</head>
<body>
  <div class='ocr_page' id='page_1' title='image "./vitaedvnkeldens101mylnuoft_0042.png"; bbox 0 0 2964 3892; ppageno 0'>
   <div class='ocr_carea' id='block_1_1' title="bbox 825 511 2179 579">
    <p class='ocr_par' dir='ltr' id='par_1_1' title="bbox 825 511 2179 579">
     <span class='ocr_line' id='line_1_1' title="bbox 825 511 2179 579; baseline -0.013 -6"><span class='ocrx_word' id='word_1_1' title='bbox 825 527 890 579; x_wconf 88' lang='grc'><strong>98</strong></span> <span class='ocrx_word' id='word_1_2' title='bbox 1198 517 1553 564; x_wconf 82' lang='lat' dir='ltr'><strong>coMPOTUM</strong></span> <span class='ocrx_word' id='word_1_3' title='bbox 1581 513 1885 561; x_wconf 79' lang='lat' dir='ltr'><strong>MAGISTRI</strong></span> <span class='ocrx_word' id='word_1_4' title='bbox 1912 511 2179 557; x_wconf 83' lang='lat' dir='ltr'>FABRICE</span> 
     </span>
    </p>
   </div>
   <div class='ocr_carea' id='block_1_2' title="bbox 822 659 2566 1383">
    <p class='ocr_par' dir='ltr' id='par_1_2' title="bbox 822 659 2566 1383">
     <span class='ocr_line' id='line_1_2' title="bbox 826 659 2563 721; baseline -0.008 -2"><span class='ocrx_word' id='word_1_5' title='bbox 826 670 1011 719; x_wconf 78' lang='lat' dir='ltr'><strong>Thome</strong></span> <span class='ocrx_word' id='word_1_6' title='bbox 1047 667 1219 716; x_wconf 77' lang='lat' dir='ltr'><strong>Hareie</strong></span> <span class='ocrx_word' id='word_1_7' title='bbox 1258 665 1485 715; x_wconf 85' lang='lat' dir='ltr'><strong>existente</strong></span> <span class='ocrx_word' id='word_1_8' title='bbox 1519 667 1570 712; x_wconf 87' lang='lat' dir='ltr'><strong>in</strong></span> <span class='ocrx_word' id='word_1_9' title='bbox 1609 662 1828 711; x_wconf 81' lang='lat' dir='ltr'><strong>manibus</strong></span> <span class='ocrx_word' id='word_1_10' title='bbox 1862 661 2059 707; x_wconf 87' lang='lat' dir='ltr'><strong>Domini</strong></span> <span class='ocrx_word' id='word_1_11' title='bbox 2098 662 2150 707; x_wconf 90' lang='lat' dir='ltr'><strong>in</strong></span> <span class='ocrx_word' id='word_1_12' title='bbox 2189 673 2288 721; x_wconf 81' lang='lat' dir='ltr'><strong>qua</strong></span> <span class='ocrx_word' id='word_1_13' title='bbox 2318 659 2563 707; x_wconf 70' lang='lat' dir='ltr'><strong>Iocabatur</strong></span> 
     </span>
     <span class='ocr_line' id='line_1_3' title="bbox 826 765 2565 841; baseline -0.009 -12"><span class='ocrx_word' id='word_1_14' title='bbox 826 779 990 828; x_wconf 84' lang='lat' dir='ltr'><strong>fenum</strong></span> <span class='ocrx_word' id='word_1_15' title='bbox 1012 779 1138 841; x_wconf 87' lang='lat' dir='ltr'><strong>prati</strong></span> <span class='ocrx_word' id='word_1_16' title='bbox 1160 778 1219 824; x_wconf 87' lang='lat' dir='ltr'><strong>de</strong></span> <span class='ocrx_word' id='word_1_17' title='bbox 1240 776 1431 838; x_wconf 85' lang='lat' dir='ltr'><strong>Dulgus</strong></span> <span class='ocrx_word' id='word_1_18' title='bbox 1454 776 1505 820; x_wconf 92' lang='lat' dir='ltr'><strong>in</strong></span> <span class='ocrx_word' id='word_1_19' title='bbox 1528 787 1654 819; x_wconf 83' lang='lat' dir='ltr'><strong>anno</strong></span> <span class='ocrx_word' id='word_1_20' title='bbox 1676 770 1857 818; x_wconf 89' lang='lat' dir='ltr'><strong>domini</strong></span> <span class='ocrx_word' id='word_1_21' title='bbox 1881 777 1962 817; x_wconf 76' lang='lat'>&#39;²1:0⁴</span> <span class='ocrx_word' id='word_1_22' title='bbox 1986 772 2034 816; x_wconf 58' lang='grc' dir='ltr'><strong>ν*</strong></span> <span class='ocrx_word' id='word_1_23' title='bbox 2051 771 2134 816; x_wconf 77' lang='lat'><strong>1⁸²⁰</strong></span> <span class='ocrx_word' id='word_1_24' title='bbox 2150 768 2199 831; x_wconf 86' lang='lat' dir='ltr'><strong>vj</strong></span> <span class='ocrx_word' id='word_1_25' title='bbox 2226 771 2262 814; x_wconf 72' lang='grc' dir='ltr'><strong>ἔ.</strong></span> <span class='ocrx_word' id='word_1_26' title='bbox 2285 767 2370 830; x_wconf 80' lang='lat' dir='ltr'><strong>viij</strong></span> <span class='ocrx_word' id='word_1_27' title='bbox 2394 765 2442 814; x_wconf 80' lang='lat' dir='ltr'><strong>d.</strong></span> <span class='ocrx_word' id='word_1_28' title='bbox 2495 767 2565 815; x_wconf 87' lang='lat' dir='ltr'><strong>Et</strong></span> 
     </span>
     <span class='ocr_line' id='line_1_4' title="bbox 826 860 2563 950; baseline -0.008 -13"><span class='ocrx_word' id='word_1_29' title='bbox 826 903 910 950; x_wconf 85' lang='lat' dir='ltr'><strong>per</strong></span> <span class='ocrx_word' id='word_1_30' title='bbox 931 860 1218 949; x_wconf 82' lang='lat' dir='ltr'><strong>empcionem</strong></span> <span class='ocrx_word' id='word_1_31' title='bbox 1247 886 1395 932; x_wconf 84' lang='lat' dir='ltr'><strong>trium</strong></span> <span class='ocrx_word' id='word_1_32' title='bbox 1427 882 1670 928; x_wconf 85' lang='lat' dir='ltr'><strong>frenorum</strong></span> <span class='ocrx_word' id='word_1_33' title='bbox 1699 881 1858 941; x_wconf 86' lang='lat' dir='ltr'><strong>precio</strong></span> <span class='ocrx_word' id='word_1_34' title='bbox 1880 880 1915 943; x_wconf 89' lang='lat' dir='ltr'><strong>ij</strong></span> <span class='ocrx_word' id='word_1_35' title='bbox 1941 883 1976 926; x_wconf 73' lang='grc' dir='ltr'><strong>ἔ.</strong></span> <span class='ocrx_word' id='word_1_36' title='bbox 2043 877 2114 926; x_wconf 81' lang='lat' dir='ltr'><strong>Et</strong></span> <span class='ocrx_word' id='word_1_37' title='bbox 2146 879 2378 925; x_wconf 76' lang='lat' dir='ltr'><strong>allocatur</strong></span> <span class='ocrx_word' id='word_1_38' title='bbox 2410 878 2563 924; x_wconf 89' lang='lat' dir='ltr'><strong>eidem</strong></span> 
     </span>
     <span class='ocr_line' id='line_1_5' title="bbox 825 985 2565 1057; baseline -0.006 -14"><span class='ocrx_word' id='word_1_39' title='bbox 825 998 875 1045; x_wconf 88' lang='lat' dir='ltr'><strong>in</strong></span> <span class='ocrx_word' id='word_1_40' title='bbox 897 997 1187 1057; x_wconf 83' lang='lat' dir='ltr'><strong>empcionem</strong></span> <span class='ocrx_word' id='word_1_41' title='bbox 1204 989 1500 1054; x_wconf 69' lang='lat' dir='ltr'><strong>liestcenyeis</strong></span> <span class='ocrx_word' id='word_1_42' title='bbox 1520 992 1727 1038; x_wconf 88' lang='lat' dir='ltr'><strong>duorum</strong></span> <span class='ocrx_word' id='word_1_43' title='bbox 1749 991 1809 1037; x_wconf 87' lang='lat' dir='ltr'><strong>de</strong></span> <span class='ocrx_word' id='word_1_44' title='bbox 1831 987 1896 1036; x_wconf 79' lang='lat' dir='ltr'><strong>lie</strong></span> <span class='ocrx_word' id='word_1_45' title='bbox 1910 985 2098 1051; x_wconf 68' lang='lat' dir='ltr'><strong>girtkis</strong></span> <span class='ocrx_word' id='word_1_46' title='bbox 2112 989 2171 1035; x_wconf 88' lang='lat' dir='ltr'><strong>ad</strong></span> <span class='ocrx_word' id='word_1_47' title='bbox 2196 1002 2341 1049; x_wconf 81' lang='lat' dir='ltr'><strong>equos</strong></span> <span class='ocrx_word' id='word_1_48' title='bbox 2360 987 2565 1034; x_wconf 87' lang='lat' dir='ltr'><strong>verudos</strong></span> 
     </span>
     <span class='ocr_line' id='line_1_6' title="bbox 824 1096 2563 1168; baseline -0.005 -15"><span class='ocrx_word' id='word_1_49' title='bbox 824 1106 941 1168; x_wconf 85' lang='lat' dir='ltr'><strong>xviij</strong></span> <span class='ocrx_word' id='word_1_50' title='bbox 966 1102 1011 1152; x_wconf 84' lang='lat' dir='ltr'><strong>d.</strong></span> <span class='ocrx_word' id='word_1_51' title='bbox 1078 1103 1147 1151; x_wconf 82' lang='lat' dir='ltr'><strong>Et</strong></span> <span class='ocrx_word' id='word_1_52' title='bbox 1169 1105 1399 1150; x_wconf 86' lang='lat' dir='ltr'><strong>allocatur</strong></span> <span class='ocrx_word' id='word_1_53' title='bbox 1420 1103 1572 1149; x_wconf 88' lang='lat' dir='ltr'><strong>eidem</strong></span> <span class='ocrx_word' id='word_1_54' title='bbox 1595 1116 1682 1162; x_wconf 86' lang='lat' dir='ltr'><strong>per</strong></span> <span class='ocrx_word' id='word_1_55' title='bbox 1702 1101 1995 1162; x_wconf 88' lang='lat' dir='ltr'><strong>empcionem</strong></span> <span class='ocrx_word' id='word_1_56' title='bbox 2024 1101 2082 1147; x_wconf 87' lang='lat' dir='ltr'><strong>de</strong></span> <span class='ocrx_word' id='word_1_57' title='bbox 2111 1096 2176 1146; x_wconf 82' lang='lat' dir='ltr'><strong>lie</strong></span> <span class='ocrx_word' id='word_1_58' title='bbox 2196 1096 2393 1145; x_wconf 69' lang='lat' dir='ltr'><strong>helteris</strong></span> <span class='ocrx_word' id='word_1_59' title='bbox 2415 1100 2563 1146; x_wconf 88' lang='lat' dir='ltr'>nichil</span> 
     </span>
     <span class='ocr_line' id='line_1_7' title="bbox 822 1208 2565 1275; baseline -0.004 -13"><span class='ocrx_word' id='word_1_60' title='bbox 822 1216 935 1275; x_wconf 87' lang='lat' dir='ltr'><strong>quia</strong></span> <span class='ocrx_word' id='word_1_61' title='bbox 951 1213 1223 1262; x_wconf 77' lang='lat' dir='ltr'><strong>scribuntur</strong></span> <span class='ocrx_word' id='word_1_62' title='bbox 1235 1214 1288 1261; x_wconf 91' lang='lat' dir='ltr'><strong>in</strong></span> <span class='ocrx_word' id='word_1_63' title='bbox 1305 1211 1359 1260; x_wconf 89' lang='lat' dir='ltr'><strong>C.</strong></span> <span class='ocrx_word' id='word_1_64' title='bbox 1375 1210 1462 1259; x_wconf 88' lang='lat' dir='ltr'><strong>sub</strong></span> <span class='ocrx_word' id='word_1_65' title='bbox 1478 1211 1709 1259; x_wconf 85' lang='lat' dir='ltr'><strong>vocabulo</strong></span> <span class='ocrx_word' id='word_1_66' title='bbox 1725 1208 1946 1274; x_wconf 73' lang='lat' dir='ltr'><strong>capfflra.</strong></span> <span class='ocrx_word' id='word_1_67' title='bbox 1980 1209 2050 1257; x_wconf 78' lang='lat' dir='ltr'><strong>Et</strong></span> <span class='ocrx_word' id='word_1_68' title='bbox 2067 1211 2300 1257; x_wconf 82' lang='lat' dir='ltr'><strong>allocatur</strong></span> <span class='ocrx_word' id='word_1_69' title='bbox 2313 1210 2465 1256; x_wconf 89' lang='lat' dir='ltr'><strong>eidem</strong></span> <span class='ocrx_word' id='word_1_70' title='bbox 2480 1224 2565 1269; x_wconf 85' lang='lat' dir='ltr'><strong>per</strong></span> 
     </span>
     <span class='ocr_line' id='line_1_8' title="bbox 824 1315 2566 1383; baseline -0.003 -13"><span class='ocrx_word' id='word_1_71' title='bbox 824 1324 1151 1373; x_wconf 85' lang='lat' dir='ltr'><strong>liberacionem</strong></span> <span class='ocrx_word' id='word_1_72' title='bbox 1176 1322 1351 1370; x_wconf 78' lang='lat' dir='ltr'><strong>factam</strong></span> <span class='ocrx_word' id='word_1_73' title='bbox 1374 1322 1536 1368; x_wconf 90' lang='lat' dir='ltr'><strong>Dauid</strong></span> <span class='ocrx_word' id='word_1_74' title='bbox 1558 1321 1734 1383; x_wconf 77' lang='lat' dir='ltr'><strong>Smyth</strong></span> <span class='ocrx_word' id='word_1_75' title='bbox 1755 1318 1820 1367; x_wconf 83' lang='lat' dir='ltr'><strong>lie</strong></span> <span class='ocrx_word' id='word_1_76' title='bbox 1840 1318 1956 1368; x_wconf 73' lang='lat' dir='ltr'><strong>hors</strong></span> <span class='ocrx_word' id='word_1_77' title='bbox 1986 1315 2270 1379; x_wconf 70' lang='lat' dir='ltr'><strong>Mersthael</strong></span> <span class='ocrx_word' id='word_1_78' title='bbox 2287 1320 2349 1366; x_wconf 84' lang='lat' dir='ltr'><strong>ad</strong></span> <span class='ocrx_word' id='word_1_79' title='bbox 2373 1315 2566 1366; x_wconf 84' lang='lat' dir='ltr'><strong>vifitan-</strong></span> 
     </span>
    </p>
   </div>
   <div class='ocr_carea' id='block_1_3' title="bbox 821 1425 2567 1490">
    <p class='ocr_par' dir='ltr' id='par_1_3' title="bbox 821 1425 2567 1490">
     <span class='ocr_line' id='line_1_9' title="bbox 821 1425 2567 1490; baseline -0.003 -10"><span class='ocrx_word' id='word_1_80' title='bbox 821 1434 936 1480; x_wconf 85' lang='lat' dir='ltr'><strong>dum</strong></span> <span class='ocrx_word' id='word_1_81' title='bbox 963 1439 1011 1480; x_wconf 81' lang='lat' dir='ltr'><strong>et</strong></span> <span class='ocrx_word' id='word_1_82' title='bbox 1032 1433 1294 1480; x_wconf 88' lang='lat' dir='ltr'><strong>curandum</strong></span> <span class='ocrx_word' id='word_1_83' title='bbox 1316 1429 1382 1478; x_wconf 77' lang='lat' dir='ltr'><strong>lie</strong></span> <span class='ocrx_word' id='word_1_84' title='bbox 1403 1427 1699 1477; x_wconf 79' lang='lat' dir='ltr'><strong>brownblair</strong></span> <span class='ocrx_word' id='word_1_85' title='bbox 1720 1431 1772 1477; x_wconf 91' lang='lat' dir='ltr'><strong>in</strong></span> <span class='ocrx_word' id='word_1_86' title='bbox 1794 1429 2082 1477; x_wconf 88' lang='lat' dir='ltr'><strong>Dunkelden</strong></span> <span class='ocrx_word' id='word_1_87' title='bbox 2104 1430 2155 1476; x_wconf 91' lang='lat' dir='ltr'><strong>in</strong></span> <span class='ocrx_word' id='word_1_88' title='bbox 2179 1425 2392 1490; x_wconf 74' lang='lat' dir='ltr'>expensis</span> <span class='ocrx_word' id='word_1_89' title='bbox 2427 1428 2567 1474; x_wconf 86' lang='lat' dir='ltr'><strong>itine-</strong></span> 
     </span>
    </p>
   </div>
   <div class='ocr_carea' id='block_1_4' title="bbox 1599 1510 1632 1530">
    <p class='ocr_par' dir='ltr' id='par_1_4' title="bbox 1599 1510 1632 1530">
     <span class='ocr_line' id='line_1_10' title="bbox 1599 1510 1632 1530; baseline 0 0"><span class='ocrx_word' id='word_1_90' title='bbox 1599 1510 1632 1530; x_wconf 68' lang='lat'><strong>08</strong></span> 
     </span>
    </p>
   </div>
   <div class='ocr_carea' id='block_1_5' title="bbox 820 1645 2566 2917">
    <p class='ocr_par' dir='ltr' id='par_1_5' title="bbox 820 1645 2566 2917">
     <span class='ocr_line' id='line_1_11' title="bbox 820 1645 2565 1711; baseline -0.003 -15"><span class='ocrx_word' id='word_1_91' title='bbox 820 1650 1110 1711; x_wconf 87' lang='lat' dir='ltr'><strong>empcionem</strong></span> <span class='ocrx_word' id='word_1_92' title='bbox 1144 1649 1400 1696; x_wconf 83' lang='lat' dir='ltr'><strong>octodecim</strong></span> <span class='ocrx_word' id='word_1_93' title='bbox 1426 1645 1490 1695; x_wconf 80' lang='lat' dir='ltr'><strong>lie</strong></span> <span class='ocrx_word' id='word_1_94' title='bbox 1523 1645 1690 1694; x_wconf 73' lang='lat' dir='ltr'><strong>hames</strong></span> <span class='ocrx_word' id='word_1_95' title='bbox 1717 1648 1853 1694; x_wconf 85' lang='lat' dir='ltr'><strong>vario</strong></span> <span class='ocrx_word' id='word_1_96' title='bbox 1882 1647 2041 1708; x_wconf 85' lang='lat' dir='ltr'><strong>precio</strong></span> <span class='ocrx_word' id='word_1_97' title='bbox 2071 1646 2323 1692; x_wconf 86' lang='lat' dir='ltr'><strong>extenden.</strong></span> <span class='ocrx_word' id='word_1_98' title='bbox 2345 1647 2396 1692; x_wconf 91' lang='lat' dir='ltr'><strong>in</strong></span> <span class='ocrx_word' id='word_1_99' title='bbox 2427 1646 2565 1692; x_wconf 82' lang='lat' dir='ltr'><strong>totali</strong></span> 
     </span>
     <span class='ocr_line' id='line_1_12' title="bbox 822 1755 2565 1821; baseline -0.002 -16"><span class='ocrx_word' id='word_1_100' title='bbox 822 1758 1001 1806; x_wconf 87' lang='lat' dir='ltr'><strong>summa</strong></span> <span class='ocrx_word' id='word_1_101' title='bbox 1026 1760 1085 1805; x_wconf 87' lang='lat' dir='ltr'><strong>ad</strong></span> <span class='ocrx_word' id='word_1_102' title='bbox 1109 1759 1142 1821; x_wconf 92' lang='lat' dir='ltr'><strong>ij</strong></span> <span class='ocrx_word' id='word_1_103' title='bbox 1168 1762 1203 1805; x_wconf 72' lang='grc' dir='ltr'><strong>ἔ.</strong></span> <span class='ocrx_word' id='word_1_104' title='bbox 1227 1773 1260 1804; x_wconf 89' lang='lat' dir='ltr'><strong>x</strong></span> <span class='ocrx_word' id='word_1_105' title='bbox 1281 1755 1328 1805; x_wconf 80' lang='lat' dir='ltr'><strong>d.</strong></span> <span class='ocrx_word' id='word_1_106' title='bbox 1391 1757 1460 1804; x_wconf 87' lang='lat' dir='ltr'><strong>Et</strong></span> <span class='ocrx_word' id='word_1_107' title='bbox 1491 1759 1724 1805; x_wconf 83' lang='lat' dir='ltr'><strong>allocatur</strong></span> <span class='ocrx_word' id='word_1_108' title='bbox 1751 1758 1903 1804; x_wconf 86' lang='lat' dir='ltr'><strong>eidem</strong></span> <span class='ocrx_word' id='word_1_109' title='bbox 1927 1771 2014 1818; x_wconf 89' lang='lat' dir='ltr'><strong>per</strong></span> <span class='ocrx_word' id='word_1_110' title='bbox 2034 1756 2367 1803; x_wconf 86' lang='lat' dir='ltr'><strong>liberacionem</strong></span> <span class='ocrx_word' id='word_1_111' title='bbox 2388 1756 2565 1803; x_wconf 84' lang='lat' dir='ltr'><strong>factam</strong></span> 
     </span>
     <span class='ocr_line' id='line_1_13' title="bbox 822 1863 2564 1929; baseline -0.001 -16"><span class='ocrx_word' id='word_1_112' title='bbox 822 1866 925 1914; x_wconf 85' lang='lat' dir='ltr'><strong>Fod</strong></span> <span class='ocrx_word' id='word_1_113' title='bbox 964 1867 1214 1915; x_wconf 85' lang='lat' dir='ltr'><strong>verudario</strong></span> <span class='ocrx_word' id='word_1_114' title='bbox 1255 1868 1306 1914; x_wconf 92' lang='lat' dir='ltr'><strong>in</strong></span> <span class='ocrx_word' id='word_1_115' title='bbox 1338 1866 1418 1914; x_wconf 88' lang='lat' dir='ltr'><strong>sex</strong></span> <span class='ocrx_word' id='word_1_116' title='bbox 1447 1882 1680 1929; x_wconf 89' lang='lat' dir='ltr'><strong>equorum</strong></span> <span class='ocrx_word' id='word_1_117' title='bbox 1709 1867 1944 1914; x_wconf 81' lang='lat' dir='ltr'><strong>lodicibus</strong></span> <span class='ocrx_word' id='word_1_118' title='bbox 1973 1863 2089 1913; x_wconf 75' lang='lat' dir='ltr'><strong>with</strong></span> <span class='ocrx_word' id='word_1_119' title='bbox 2110 1864 2225 1913; x_wconf 74' lang='lat' dir='ltr'><strong>hors</strong></span> <span class='ocrx_word' id='word_1_120' title='bbox 2252 1864 2375 1913; x_wconf 71' lang='lat' dir='ltr'><strong>hous</strong></span> <span class='ocrx_word' id='word_1_121' title='bbox 2409 1867 2494 1928; x_wconf 86' lang='lat' dir='ltr'><strong>viij</strong></span> <span class='ocrx_word' id='word_1_122' title='bbox 2529 1870 2564 1912; x_wconf 71' lang='grc' dir='ltr'><strong>ἔ.</strong></span> 
     </span>
     <span class='ocr_line' id='line_1_14' title="bbox 824 1977 2566 2038; baseline -0.001 -13"><span class='ocrx_word' id='word_1_123' title='bbox 824 1977 890 2025; x_wconf 83' lang='lat' dir='ltr'><strong>Et</strong></span> <span class='ocrx_word' id='word_1_124' title='bbox 912 1979 1142 2026; x_wconf 87' lang='lat' dir='ltr'><strong>allocatur</strong></span> <span class='ocrx_word' id='word_1_125' title='bbox 1159 1978 1311 2025; x_wconf 88' lang='lat' dir='ltr'><strong>eidem</strong></span> <span class='ocrx_word' id='word_1_126' title='bbox 1335 1992 1421 2038; x_wconf 90' lang='lat' dir='ltr'><strong>per</strong></span> <span class='ocrx_word' id='word_1_127' title='bbox 1438 1978 1771 2025; x_wconf 88' lang='lat' dir='ltr'><strong>liberacionem</strong></span> <span class='ocrx_word' id='word_1_128' title='bbox 1788 1977 1964 2025; x_wconf 83' lang='lat' dir='ltr'><strong>factam</strong></span> <span class='ocrx_word' id='word_1_129' title='bbox 1988 1977 2216 2038; x_wconf 83' lang='lat' dir='ltr'><strong>operariis</strong></span> <span class='ocrx_word' id='word_1_130' title='bbox 2238 1977 2566 2024; x_wconf 80' lang='lat' dir='ltr'><strong>laborantibus</strong></span> 
     </span>
     <span class='ocr_line' id='line_1_15' title="bbox 822 2085 2565 2148; baseline 0.001 -16"><span class='ocrx_word' id='word_1_131' title='bbox 822 2087 947 2133; x_wconf 75' lang='lat' dir='ltr'><strong>cirea</strong></span> <span class='ocrx_word' id='word_1_132' title='bbox 983 2087 1169 2148; x_wconf 83' lang='lat' dir='ltr'><strong>jactum</strong></span> <span class='ocrx_word' id='word_1_133' title='bbox 1209 2100 1331 2147; x_wconf 81' lang='lat' dir='ltr'><strong>aque</strong></span> <span class='ocrx_word' id='word_1_134' title='bbox 1371 2101 1432 2132; x_wconf 84' lang='lat' dir='ltr'><strong>ex</strong></span> <span class='ocrx_word' id='word_1_135' title='bbox 1471 2092 1608 2146; x_wconf 81' lang='lat' dir='ltr'><strong>parte</strong></span> <span class='ocrx_word' id='word_1_136' title='bbox 1653 2085 1848 2133; x_wconf 86' lang='lat' dir='ltr'><strong>australi</strong></span> <span class='ocrx_word' id='word_1_137' title='bbox 1885 2101 2007 2147; x_wconf 82' lang='lat' dir='ltr'><strong>aque</strong></span> <span class='ocrx_word' id='word_1_138' title='bbox 2045 2086 2105 2134; x_wconf 85' lang='lat' dir='ltr'><strong>de</strong></span> <span class='ocrx_word' id='word_1_139' title='bbox 2146 2086 2285 2148; x_wconf 84' lang='lat' dir='ltr'><strong>Taya</strong></span> <span class='ocrx_word' id='word_1_140' title='bbox 2319 2102 2349 2133; x_wconf 85' lang='lat' dir='ltr'><strong>a</strong></span> <span class='ocrx_word' id='word_1_141' title='bbox 2383 2088 2565 2133; x_wconf 88' lang='lat' dir='ltr'><strong>decimo</strong></span> 
     </span>
     <span class='ocr_line' id='line_1_16' title="bbox 822 2191 2564 2258; baseline 0 -16"><span class='ocrx_word' id='word_1_142' title='bbox 822 2202 989 2242; x_wconf 87' lang='lat' dir='ltr'><strong>octavo</strong></span> <span class='ocrx_word' id='word_1_143' title='bbox 1011 2196 1087 2242; x_wconf 86' lang='lat' dir='ltr'><strong>die</strong></span> <span class='ocrx_word' id='word_1_144' title='bbox 1110 2191 1282 2242; x_wconf 83' lang='lat' dir='ltr'><strong>menfis</strong></span> <span class='ocrx_word' id='word_1_145' title='bbox 1307 2194 1491 2250; x_wconf 83' lang='lat' dir='ltr'><strong>Martii,</strong></span> <span class='ocrx_word' id='word_1_146' title='bbox 1513 2196 1626 2242; x_wconf 85' lang='lat' dir='ltr'><strong>anni</strong></span> <span class='ocrx_word' id='word_1_147' title='bbox 1658 2202 1738 2242; x_wconf 57' lang='lat' dir='ltr'><strong>‘ze‘</strong></span> <span class='ocrx_word' id='word_1_148' title='bbox 1762 2197 1810 2241; x_wconf 77' lang='lat' dir='ltr'><strong>ve</strong></span> <span class='ocrx_word' id='word_1_149' title='bbox 1831 2191 1928 2258; x_wconf 85' lang='lat' dir='ltr'><strong>xj¹¹²¹</strong></span> <span class='ocrx_word' id='word_1_150' title='bbox 1950 2196 2001 2242; x_wconf 91' lang='lat' dir='ltr'><strong>in</strong></span> <span class='ocrx_word' id='word_1_151' title='bbox 2031 2196 2157 2242; x_wconf 90' lang='lat' dir='ltr'><strong>diem</strong></span> <span class='ocrx_word' id='word_1_152' title='bbox 2179 2196 2404 2242; x_wconf 89' lang='lat' dir='ltr'><strong>ultimum</strong></span> <span class='ocrx_word' id='word_1_153' title='bbox 2426 2194 2564 2258; x_wconf 86' lang='lat' dir='ltr'><strong>Julij,</strong></span> 
     </span>
     <span class='ocr_line' id='line_1_17' title="bbox 823 2300 2564 2367; baseline 0.002 -17"><span class='ocrx_word' id='word_1_154' title='bbox 823 2304 934 2351; x_wconf 85' lang='lat' dir='ltr'><strong>anni</strong></span> <span class='ocrx_word' id='word_1_155' title='bbox 966 2310 1046 2351; x_wconf 53' lang='lat' dir='ltr'><strong>&#39;rc&#39;</strong></span> <span class='ocrx_word' id='word_1_156' title='bbox 1076 2306 1125 2350; x_wconf 55' lang='grc' dir='ltr'><strong>ν’</strong></span> <span class='ocrx_word' id='word_1_157' title='bbox 1157 2300 1270 2367; x_wconf 80' lang='lat' dir='ltr'><strong>xij¹¹²¹</strong></span> <span class='ocrx_word' id='word_1_158' title='bbox 1305 2302 1506 2352; x_wconf 83' lang='lat' dir='ltr'><strong>testante</strong></span> <span class='ocrx_word' id='word_1_159' title='bbox 1539 2305 1662 2352; x_wconf 89' lang='lat' dir='ltr'><strong>libro</strong></span> <span class='ocrx_word' id='word_1_160' title='bbox 1695 2304 1891 2351; x_wconf 90' lang='lat' dir='ltr'><strong>Domini</strong></span> <span class='ocrx_word' id='word_1_161' title='bbox 1924 2304 1958 2351; x_wconf 88' lang='lat' dir='ltr'><strong>J</strong></span> <span class='ocrx_word' id='word_1_162' title='bbox 1959 2305 2091 2353; x_wconf 84' lang='lat' dir='ltr'><strong>acobi</strong></span> <span class='ocrx_word' id='word_1_163' title='bbox 2125 2304 2336 2352; x_wconf 89' lang='lat' dir='ltr'><strong>Laudeir</strong></span> <span class='ocrx_word' id='word_1_164' title='bbox 2367 2305 2564 2366; x_wconf 85' lang='lat' dir='ltr'><strong>prefecti</strong></span> 
     </span>
     <span class='ocr_line' id='line_1_18' title="bbox 824 2411 2566 2477; baseline 0 -16"><span class='ocrx_word' id='word_1_165' title='bbox 824 2414 977 2474; x_wconf 83' lang='lat' dir='ltr'><strong>operis</strong></span> <span class='ocrx_word' id='word_1_166' title='bbox 1008 2414 1207 2474; x_wconf 81' lang='lat' dir='ltr'><strong>predicti</strong></span> <span class='ocrx_word' id='word_1_167' title='bbox 1235 2415 1352 2477; x_wconf 85' lang='lat' dir='ltr'><strong>xxxj</strong></span> <span class='ocrx_word' id='word_1_168' title='bbox 1377 2415 1427 2461; x_wconf 89' lang='lat' dir='ltr'><strong>li.</strong></span> <span class='ocrx_word' id='word_1_169' title='bbox 1450 2415 1536 2477; x_wconf 87' lang='lat' dir='ltr'><strong>xiij</strong></span> <span class='ocrx_word' id='word_1_170' title='bbox 1563 2418 1599 2460; x_wconf 74' lang='grc' dir='ltr'><strong>ἔ.</strong></span> <span class='ocrx_word' id='word_1_171' title='bbox 1621 2430 1655 2461; x_wconf 86' lang='lat' dir='ltr'>x</span> <span class='ocrx_word' id='word_1_172' title='bbox 1676 2411 1724 2461; x_wconf 83' lang='lat' dir='ltr'><strong>d.</strong></span> <span class='ocrx_word' id='word_1_173' title='bbox 1791 2413 1863 2460; x_wconf 85' lang='lat' dir='ltr'><strong>Et</strong></span> <span class='ocrx_word' id='word_1_174' title='bbox 1892 2415 2125 2462; x_wconf 82' lang='lat' dir='ltr'><strong>allocatur</strong></span> <span class='ocrx_word' id='word_1_175' title='bbox 2158 2415 2311 2463; x_wconf 89' lang='lat' dir='ltr'><strong>eidem</strong></span> <span class='ocrx_word' id='word_1_176' title='bbox 2342 2429 2428 2475; x_wconf 87' lang='lat' dir='ltr'><strong>per</strong></span> <span class='ocrx_word' id='word_1_177' title='bbox 2449 2415 2566 2462; x_wconf 90' lang='lat' dir='ltr'><strong>libe-</strong></span> 
     </span>
     <span class='ocr_line' id='line_1_19' title="bbox 823 2523 2566 2572; baseline 0.001 -2"><span class='ocrx_word' id='word_1_178' title='bbox 823 2523 1060 2571; x_wconf 79' lang='lat' dir='ltr'><strong>racionem</strong></span> <span class='ocrx_word' id='word_1_179' title='bbox 1091 2523 1266 2571; x_wconf 82' lang='lat' dir='ltr'><strong>factam</strong></span> <span class='ocrx_word' id='word_1_180' title='bbox 1298 2523 1459 2571; x_wconf 86' lang='lat' dir='ltr'><strong>Dauid</strong></span> <span class='ocrx_word' id='word_1_181' title='bbox 1494 2523 1622 2571; x_wconf 86' lang='lat' dir='ltr'><strong>Gent</strong></span> <span class='ocrx_word' id='word_1_182' title='bbox 1653 2531 1701 2571; x_wconf 87' lang='lat' dir='ltr'><strong>et</strong></span> <span class='ocrx_word' id='word_1_183' title='bbox 1734 2523 1958 2572; x_wconf 78' lang='lat' dir='ltr'><strong>consociis</strong></span> <span class='ocrx_word' id='word_1_184' title='bbox 1995 2524 2186 2571; x_wconf 84' lang='lat' dir='ltr'><strong>latomis</strong></span> <span class='ocrx_word' id='word_1_185' title='bbox 2224 2539 2333 2572; x_wconf 85' lang='lat' dir='ltr'><strong>cum</strong></span> <span class='ocrx_word' id='word_1_186' title='bbox 2369 2523 2566 2572; x_wconf 86' lang='lat' dir='ltr'><strong>servito-</strong></span> 
     </span>
     <span class='ocr_line' id='line_1_20' title="bbox 824 2630 2562 2682; baseline 0.001 -2"><span class='ocrx_word' id='word_1_187' title='bbox 824 2632 958 2680; x_wconf 85' lang='lat' dir='ltr'><strong>ribus</strong></span> <span class='ocrx_word' id='word_1_188' title='bbox 979 2631 1075 2681; x_wconf 81' lang='lat' dir='ltr'><strong>suis</strong></span> <span class='ocrx_word' id='word_1_189' title='bbox 1096 2630 1474 2682; x_wconf 75' lang='lat' dir='ltr'><strong>construentibus</strong></span> <span class='ocrx_word' id='word_1_190' title='bbox 1495 2632 2110 2682; x_wconf 80' lang='lat' dir='ltr'><strong>murumeonservatorium</strong></span> <span class='ocrx_word' id='word_1_191' title='bbox 2133 2635 2274 2682; x_wconf 78' lang='lat' dir='ltr'><strong>calcis</strong></span> <span class='ocrx_word' id='word_1_192' title='bbox 2295 2635 2347 2681; x_wconf 90' lang='lat' dir='ltr'><strong>in</strong></span> <span class='ocrx_word' id='word_1_193' title='bbox 2371 2634 2562 2681; x_wconf 84' lang='lat' dir='ltr'><strong>Palacio</strong></span> 
     </span>
     <span class='ocr_line' id='line_1_21' title="bbox 824 2740 2561 2807; baseline 0.001 -17"><span class='ocrx_word' id='word_1_194' title='bbox 824 2742 1020 2791; x_wconf 87' lang='lat' dir='ltr'><strong>Domini</strong></span> <span class='ocrx_word' id='word_1_195' title='bbox 1042 2744 1093 2790; x_wconf 88' lang='lat' dir='ltr'><strong>ix</strong></span> <span class='ocrx_word' id='word_1_196' title='bbox 1115 2746 1151 2790; x_wconf 71' lang='grc' dir='ltr'><strong>ἔ.</strong></span> <span class='ocrx_word' id='word_1_197' title='bbox 1174 2744 1258 2805; x_wconf 82' lang='lat' dir='ltr'><strong>viij</strong></span> <span class='ocrx_word' id='word_1_198' title='bbox 1284 2740 1331 2790; x_wconf 82' lang='lat' dir='ltr'><strong>d.</strong></span> <span class='ocrx_word' id='word_1_199' title='bbox 1398 2743 1467 2791; x_wconf 82' lang='lat' dir='ltr'><strong>Et</strong></span> <span class='ocrx_word' id='word_1_200' title='bbox 1489 2746 1720 2792; x_wconf 76' lang='lat' dir='ltr'><strong>allocatur</strong></span> <span class='ocrx_word' id='word_1_201' title='bbox 1741 2746 1894 2793; x_wconf 86' lang='lat' dir='ltr'><strong>eidem</strong></span> <span class='ocrx_word' id='word_1_202' title='bbox 1915 2760 2003 2807; x_wconf 87' lang='lat' dir='ltr'><strong>per</strong></span> <span class='ocrx_word' id='word_1_203' title='bbox 2030 2745 2363 2792; x_wconf 67' lang='lat' dir='ltr'><strong>liberat-ionem</strong></span> <span class='ocrx_word' id='word_1_204' title='bbox 2386 2744 2561 2792; x_wconf 85' lang='lat' dir='ltr'><strong>factam</strong></span> 
     </span>
     <span class='ocr_line' id='line_1_22' title="bbox 824 2823 2563 2917; baseline 0.001 -17"><span class='ocrx_word' id='word_1_205' title='bbox 824 2851 1036 2901; x_wconf 82' lang='lat' dir='ltr'><strong>Roberto</strong></span> <span class='ocrx_word' id='word_1_206' title='bbox 1059 2850 1253 2900; x_wconf 82' lang='lat' dir='ltr'><strong>Masone</strong></span> <span class='ocrx_word' id='word_1_207' title='bbox 1274 2853 1440 2901; x_wconf 85' lang='lat' dir='ltr'><strong>latimo</strong></span> <span class='ocrx_word' id='word_1_208' title='bbox 1461 2862 1628 2902; x_wconf 86' lang='lat' dir='ltr'><strong>vocato</strong></span> <span class='ocrx_word' id='word_1_209' title='bbox 1649 2857 1742 2903; x_wconf 85' lang='lat' dir='ltr'><strong>alio</strong></span> <span class='ocrx_word' id='word_1_210' title='bbox 1764 2823 1961 2903; x_wconf 69' lang='lat' dir='ltr'><strong>nomine</strong></span> <span class='ocrx_word' id='word_1_211' title='bbox 1978 2853 2340 2917; x_wconf 80' lang='lat' dir='ltr'><strong>Cwnynghame</strong></span> <span class='ocrx_word' id='word_1_212' title='bbox 2362 2856 2415 2901; x_wconf 91' lang='lat' dir='ltr'><strong>in</strong></span> <span class='ocrx_word' id='word_1_213' title='bbox 2439 2870 2563 2902; x_wconf 89' lang='lat' dir='ltr'><strong>mer-</strong></span> 
     </span>
    </p>
   </div>
   <div class='ocr_carea' id='block_1_6' title="bbox 824 2961 2563 3024">
    <p class='ocr_par' dir='ltr' id='par_1_6' title="bbox 824 2961 2563 3024">
     <span class='ocr_line' id='line_1_23' title="bbox 824 2961 2563 3024; baseline 0.001 -14"><span class='ocrx_word' id='word_1_214' title='bbox 824 2961 984 3010; x_wconf 83' lang='lat' dir='ltr'><strong>cedem</strong></span> <span class='ocrx_word' id='word_1_215' title='bbox 1008 2961 1184 3010; x_wconf 78' lang='lat' dir='ltr'><strong>laboris</strong></span> <span class='ocrx_word' id='word_1_216' title='bbox 1213 2962 1424 3023; x_wconf 74' lang='lat' dir='ltr'><strong>lapidum</strong></span> <span class='ocrx_word' id='word_1_217' title='bbox 1456 2964 1795 3023; x_wconf 84' lang='lat' dir='ltr'><strong>quadratorum</strong></span> <span class='ocrx_word' id='word_1_218' title='bbox 1826 2963 2173 3011; x_wconf 66' lang='lat' dir='ltr'><strong>continendum</strong></span> <span class='ocrx_word' id='word_1_219' title='bbox 2202 2970 2393 3013; x_wconf 85' lang='lat' dir='ltr'><strong>eentum</strong></span> <span class='ocrx_word' id='word_1_220' title='bbox 2423 2965 2563 3024; x_wconf 89' lang='lat' dir='ltr'><strong>quin-</strong></span> 
     </span>
    </p>
   </div>
  </div>
 </body>
</html>
