2964 3892
798 669 864 720 90
1178 661 1533 707 coMPOTUM
1560 660 1868 705 MAGISTRI
1896 657 2161 705 FABRICE

795 811 1039 860 esculentis
1069 818 1117 858 et
1146 811 1408 872 poculentis
1443 810 1556 857 bina
1587 810 1689 855 vice
1716 814 1900 869 poi-tan.
1933 808 2106 853 calcem
2136 807 2198 853 ad
2226 805 2377 854 Pei-th
2402 808 2472 869 xij
2497 811 2530 854 ἓ.

794 922 863 970 Et
875 918 1185 985 Bepynouris
1199 921 1250 967 in
1268 919 1575 980 deplicionem
1589 916 1749 978 symbe
1762 923 1812 963 et
1824 915 2195 977 asportacionem
2213 916 2274 962 ad
2291 915 2527 964 Bothame

790 1033 929 1079 culcis
962 1031 1139 1092 capien.
1173 1043 1260 1090 pro
1294 1028 1448 1073 celdra
1482 1028 1532 1073 in
1567 1025 1672 1074 suas
1706 1028 1944 1074 mercedes
1977 1026 2151 1073 laboris
2186 1025 2270 1086 viij
2308 1028 2343 1071 ἔ.
2369 1025 2455 1086 viij
2479 1022 2525 1070 d.

788 1141 858 1188 Et
879 1142 1106 1188 allocatur
1126 1139 1277 1184 eidem
1301 1152 1387 1198 per
1408 1137 1700 1197 empcionem
1724 1137 1980 1184 octodecim
2003 1137 2270 1183 celdrarum
2287 1140 2335 1182 et
2352 1148 2526 1180 novem

787 1252 1018 1298 bollarum
1042 1248 1178 1294 calcis
1201 1248 1359 1308 precio
1381 1246 1505 1294 bolle
1527 1247 1776 1294 duodecim
1800 1245 1934 1294 solidi
1957 1247 2203 1294 extenden.
2239 1246 2291 1291 in
2325 1246 2524 1305 pecunia

784 1360 842 1406 ad
865 1358 914 1419 xj
940 1359 988 1405 li.
1011 1358 1046 1420 ij
1071 1361 1108 1404 Ξ.
1130 1358 1181 1403 ix
1202 1354 1253 1403 d.
1317 1356 1387 1403 Et
1415 1357 1467 1404 in
1490 1353 1554 1403 lie
1575 1354 1774 1417 uncostis
1799 1372 1833 1404 x
1856 1361 1890 1402 ἔ.
1913 1357 1963 1418 xj
1988 1354 2035 1403 d.
2104 1355 2174 1402 Et
2206 1370 2291 1416 per
2322 1356 2524 1414 empcio-

782 1483 888 1515 nem
921 1467 1118 1515 sedecim
1149 1468 1414 1514 celdrarum
1446 1467 1584 1514 calcis
1616 1468 1778 1527 precio
1807 1467 1962 1513 celdre
1997 1480 2155 1513 merca
2185 1465 2436 1512 extenden.
2470 1465 2521 1511 in

779 1577 979 1636 pecunia
1000 1576 1060 1622 ad
1081 1590 1114 1621 x
1132 1576 1180 1622 li.
1197 1575 1283 1637 xiij
1304 1578 1338 1621 ἔ.
1362 1546 1432 1637 ἰῗῇ
1452 1572 1500 1622 d.
1555 1574 1626 1622 Et
1647 1577 1698 1622 in
1720 1572 1784 1623 lie
1804 1572 2003 1636 uncostis
2026 1575 2092 1636 vij
2113 1578 2148 1621 ἓ.
2166 1588 2200 1620 x
2215 1570 2262 1620 d.
2313 1572 2384 1620 Et
2406 1574 2520 1619 allo-

776 1692 912 1733 oetur
926 1687 1078 1732 eidem
1094 1685 1145 1731 in
1163 1680 1227 1730 lie
1242 1682 1458 1745 cat-iugis
1474 1685 1611 1731 calcis
1629 1685 1731 1747 lviij
1752 1688 1786 1732 ἔ.
1842 1684 1911 1732 Et
1931 1700 2020 1746 pro
2035 1685 2174 1731 firma
2190 1684 2361 1730 domus
2378 1683 2518 1730 calcis
2611 1708 2614 1711 ·

774 1797 823 1841 in
838 1794 985 1841 Perth
1003 1794 1069 1855 xij
1087 1798 1122 1840 ἔ.
1156 1792 1225 1840 Et
1238 1794 1469 1840 auocatur
1484 1794 1637 1841 eidem
1653 1794 1706 1840 in
1724 1794 2018 1854 empcionem
2039 1794 2169 1841 mille
2191 1791 2516 1840 sexcentorum

772 1901 835 1949 b'e
854 1900 1122 1966 plancheor
1143 1899 1273 1949 nuile
1304 1903 1509 1950 duorum
1531 1904 1737 1951 millium
1757 1904 2077 1966 quadraginta
2099 1899 2166 1949 lie
2187 1899 2285 1948 dur
2306 1899 2439 1950 nuile
2467 1908 2516 1949 et

771 2013 1011 2075 sexaginta
1039 2009 1104 2059 lie
1135 2008 1326 2059 windok
1357 2009 1488 2059 nuile
1519 2013 1677 2072 precio
1706 2013 1855 2075 xxxvj
1882 2016 1917 2059 ἔ.
1940 2013 1974 2074 ij
1999 2010 2047 2059 d.
2115 2011 2183 2059 Et
2206 2027 2291 2072 per
2313 2012 2516 2072 empcio-

768 2138 875 2196 nem
898 2123 1267 2184 quingentorum
1283 2118 1348 2168 lie
1363 2135 1566 2183 garrow
1589 2120 1719 2171 naile
1740 2138 1801 2171 ex
1816 2122 1967 2170 Perth
1991 2123 2150 2183 precio
2163 2136 2320 2170 merca
2338 2123 2512 2170 ducen-

770 2238 927 2277 torum
948 2227 1013 2277 lie
1036 2227 1311 2293 planchour
1333 2227 1462 2277 naile
1483 2238 1580 2279 tres
1602 2229 1737 2279 solidi
1768 2237 1817 2279 et
1838 2233 2150 2279 ducentorum
2173 2229 2239 2279 lie
2260 2228 2359 2277 dur
2380 2228 2510 2278 maile

767 2341 1021 2386 octodecim
1065 2340 1248 2386 denarii
1284 2341 1531 2387 extenden.
1570 2340 1623 2388 in
1660 2341 1797 2388 totali
1840 2341 2042 2400 pecunia
2081 2341 2141 2386 ad
2186 2340 2287 2402 xvij
2326 2344 2361 2387 ἔ.
2395 2355 2429 2388 x
2461 2338 2507 2387 d.

766 2448 834 2495 Et
853 2450 1083 2495 allocatm·
1104 2449 1256 2496 eidem
1280 2464 1366 2508 per
1395 2449 1728 2497 liberacionem
1759 2449 1936 2498 factam
1960 2448 2146 2497 Thome
2168 2448 2378 2510 Wrycht
2406 2465 2506 2498 car-

762 2558 976 2617 pentario
992 2559 1222 2605 conducto
1243 2559 1296 2606 in
1316 2555 1435 2606 festo
1451 2557 1613 2606 Sancti
1633 2558 1835 2607 Martini
1852 2559 1904 2606 in
1919 2558 2090 2620 hyeme
2111 2560 2162 2606 in
2181 2574 2305 2607 anno
2322 2560 2504 2608 domini

761 2662 1005 2713 millefimo
1019 2664 1389 2729 quingentesimo
1405 2668 1657 2716 undecimo
1680 2669 1859 2729 capien.
1883 2683 1968 2729 per
1985 2684 2164 2716 annum
2183 2669 2502 2731 quadraginta

761 2788 939 2821 metens
956 2776 1014 2822 de
1035 2775 1209 2836 quibus
1231 2791 1261 2823 a
1282 2777 1542 2839 grauiterio
1565 2778 1770 2834 celdram
1794 2778 1972 2826 farriae
1997 2784 2044 2824 et
2068 2785 2176 2827 octo
2199 2778 2350 2826 bollas
2368 2780 2497 2827 ordei

755 2897 847 2943 1¹¹0
868 2884 1113 2931 duodecim
1135 2886 1303 2932 mercis
1326 2887 1571 2935 annuatim
1593 2888 1645 2935 in
1667 2889 1950 2948 completam
1971 2886 2256 2936 solucionem
2278 2885 2349 2935 sui
2371 2902 2494 2935 mer-

755 2992 882 3040 oedin
910 2992 1086 3041 laboris
1117 3009 1146 3039 a
1174 2995 1302 3042 dicto
1331 2996 1534 3044 termino
1564 2995 1643 3046 sue
1677 2997 2003 3048 conductionis
2035 2997 2089 3044 in
2121 2994 2294 3045 festum
2330 2997 2490 3046 Sancti

754 3098 951 3150 Mei-tini
984 3104 1199 3164 proxime
1231 3103 1449 3152 futurum
1483 3108 1728 3155 extenden.
1763 3107 1825 3155 ad
1869 3107 1987 3157 duos
2017 3120 2167 3155 annos
2197 3107 2409 3169 integros
2439 3109 2488 3156 in
