2964 3892
822 528 917 572 132
1203 522 1555 570 coMPoTUM
1581 519 1890 570 MAGISTRI
1916 518 2183 564 FABRICE

821 670 1066 718 bituminis
1089 672 1149 719 ad
1171 670 1339 719 umbos
1365 671 1585 718 redarum
1616 667 1903 728 mitigandos
1925 666 1978 728 iij
2002 662 2049 712 d.
2116 664 2186 712 Et
2208 664 2423 714 Waltero
2444 665 2551 712 Dus

818 778 1054 827 laboranti
1074 780 1198 828 circe
1218 779 1386 841 bighss
1408 792 1492 838 per
1513 778 1633 823 duos
1656 776 1756 825 dies
1779 775 1813 836 ij
1838 777 1875 822 ἔ.
1942 774 2012 822 Et
2034 775 2265 822 allocatur
2286 775 2441 821 eidem
2462 789 2546 835 per

817 887 1145 935 liberacionem
1161 887 1334 934 factam
1356 886 1578 933 lathomis
1594 885 1647 934 in
1663 884 1898 932 bibalibus
1914 882 2268 931 transeuntibus
2285 883 2347 930 ad
2363 885 2547 945 querel-

813 997 909 1043 lam
930 993 1123 1043 diversis
1146 995 1328 1043 vicibus
1360 1010 1446 1056 per
1478 1001 1665 1055 tempus
1696 994 1903 1055 compoti
1937 1008 2024 1056 pro
2051 990 2117 1040 lie
2145 991 2317 1055 af‘fleyr
2338 990 2549 1054 dreffing

810 1104 845 1165 ij
869 1108 903 1150 ἔ.
971 1102 1043 1151 Et
1066 1104 1249 1152 Thome
1271 1104 1437 1152 Sawar
1456 1101 1589 1151 miffo
1611 1105 1673 1151 ad
1697 1103 1868 1151 Pertht
1889 1117 1997 1151 cum
2025 1104 2151 1150 redis
2172 1103 2404 1151 ferrendis
2426 1105 2543 1150 duo-

809 1214 895 1260 bus
917 1215 1050 1275 equis
1072 1215 1124 1261 in
1146 1214 1320 1275 pabulo
1342 1221 1391 1262 et
1412 1211 1596 1262 stabulo
1617 1214 1765 1261 eciam
1787 1213 1840 1259 in
1862 1213 2026 1260 avenis
2047 1213 2148 1275 xvij
2169 1210 2215 1259 d.
2283 1212 2352 1259 Et
2370 1214 2539 1260 alloca-

805 1329 886 1369 tur
901 1324 1052 1370 eidem
1070 1338 1154 1384 per
1167 1323 1497 1370 liberacionem
1515 1322 1690 1370 factam
1703 1321 1979 1369 hominibus
1993 1322 2275 1369 vehentibus
2293 1323 2425 1385 ligna
2447 1338 2535 1383 pro

804 1431 1092 1479 confectione
1125 1433 1293 1479 domus
1326 1432 1633 1479 lathimorum
1668 1447 1727 1478 ex
1760 1437 1895 1492 parte
1928 1429 2123 1478 australi
2156 1446 2277 1492 aque
2304 1432 2362 1478 de
2385 1430 2534 1492 Taya.

804 1539 872 1586 Et
903 1541 1204 1602 garcionibus
1227 1541 1536 1603 vigilantibus
1568 1537 1828 1602 paffiigium
1851 1537 2048 1587 diverfis
2070 1540 2252 1587 vicibus
2286 1555 2374 1600 pro
2394 1542 2536 1588 inun-

799 1648 991 1694 dacione
1023 1663 1255 1709 aquarum
1288 1663 1373 1709 per
1405 1654 1593 1708 tempus
1627 1648 1834 1709 compoti
1866 1618 1937 1709 ὦ]
1977 1648 2012 1693 ἔ.
2047 1647 2083 1709 ij
2120 1644 2166 1693 d.
2247 1647 2317 1693 Et
2361 1649 2531 1694 alloca-

798 1764 877 1803 tur
910 1759 1198 1818 compotanti
1234 1759 1286 1805 in
1326 1758 1616 1818 empcionem
1652 1763 1860 1819 quatuor
1889 1757 2153 1803 celdrarum
2190 1757 2330 1804 calcis
2370 1758 2528 1818 precio

795 1865 895 1911 xlix
917 1868 952 1911 ἔ.
975 1837 1044 1927 ioiij
1068 1863 1114 1912 d.
1194 1865 1264 1913 Et
1307 1867 1525 1928 caringiis
1565 1866 1865 1926 portantibus
1904 1864 2086 1913 easdem
2130 1866 2191 1912 ad
2236 1864 2524 1912 Dunkelden

793 1975 1033 2039 conductis
1054 1976 1122 2037 xlj
1147 1978 1183 2022 ἔ.
1205 1975 1240 2037 ij
1265 1972 1311 2022 d.
1378 1974 1447 2022 Et
1469 1990 1556 2035 pro
1578 1976 1807 2023 mixtione
1829 1973 2100 2038 hujusmodi
2124 1975 2262 2022 calcis
2285 1975 2352 2037 xij
2377 1972 2423 2021 d.
2458 1973 2527 2022 Et

792 2083 1019 2130 allocatur
1051 2085 1203 2130 eidem
1237 2084 1290 2130 in
1321 2084 1612 2144 empcionem
1644 2086 1850 2133 duorum
1881 2082 1947 2132 lie
1979 2081 2214 2147 cur-pallis
2247 2085 2307 2131 ad
2330 2085 2525 2131 veredos

790 2161 859 2251 iii}
885 2193 919 2236 ἔ.
952 2190 1021 2238 Et
1038 2192 1089 2238 in
1110 2191 1399 2252 empcionem
1424 2192 1565 2239 unius
1578 2192 1701 2240 boue
1724 2194 1983 2241 carbonum
2000 2192 2242 2239 fabrilium
2262 2192 2296 2253 ij
2317 2195 2353 2237 ἔ.
2371 2192 2456 2254 viij
2475 2189 2521 2238 d.

789 2297 857 2345 Et
879 2301 1108 2348 allocatur
1129 2302 1280 2348 eidem
1302 2301 1355 2348 in
1377 2302 1667 2361 empcionem
1691 2303 1908 2350 undecim
1932 2302 2162 2349 librarum
2187 2301 2285 2347 cebi
2310 2301 2369 2346 ad
2394 2301 2521 2348 miti-

786 2410 964 2470 gandos
978 2410 1145 2457 umbos
1158 2411 1379 2458 redarum
1397 2425 1482 2471 per
1498 2417 1686 2472 tempus
1700 2412 1906 2473 compoti
1928 2412 1980 2474 iij
2007 2415 2040 2457 ἓ.
2055 2412 2107 2457 ix
2122 2408 2168 2457 d.
2204 2410 2274 2456 Et
2289 2411 2520 2457 allocatur

788 2518 936 2564 eidem
974 2534 1058 2579 per
1083 2520 1407 2576 liberacionem
1433 2520 1609 2568 factam
1639 2522 1782 2569 certis
1805 2522 1990 2583 equinis
2021 2521 2241 2582 cariagiis
2273 2520 2517 2566 conductis

786 2641 873 2685 pro
894 2628 1112 2674 ductione
1134 2629 1230 2675 feni
1253 2628 1444 2692 Georgij
1470 2630 1835 2692 Abbercrumby
1856 2631 1917 2678 ad
1944 2630 2065 2676 Litil
2093 2629 2381 2677 Dunkelden
2404 2629 2451 2691 vj
2478 2632 2513 2675 ἔ.

783 2736 832 2796 xj
855 2733 903 2783 d.
970 2735 1039 2783 Et
1060 2738 1285 2785 allocatur
1306 2739 1457 2787 eidem
1479 2754 1564 2800 per
1585 2740 1915 2788 liberacionem
1937 2739 2113 2787 factam
2134 2738 2167 2786 J
2168 2739 2346 2786 ohanni
2368 2737 2512 2801 Rogy

781 2851 829 2891 et
850 2846 955 2892 aliis
985 2846 1170 2893 duobus
1198 2848 1495 2908 garcionibus
1530 2848 1681 2897 secum
1714 2851 1957 2898 conductis
1988 2864 2077 2910 pro
2110 2848 2400 2896 confectione
2429 2845 2508 2892 sex

1792 2929 1825 2949 οἲ

779 2954 1026 3001 corborum
1055 2968 1336 3016 magnorum
1374 2970 1461 3014 pro
1498 2954 1702 3019 paffiigio
1723 2958 1858 3019 xxiiij
1884 2958 1920 3003 Β.
1997 2955 2067 3004 Et
2101 2971 2189 3017 pro
2224 2954 2509 3002 correctione
