2918 3900
751 557 814 601 84
1118 546 1475 594 COMPOTUM
1504 544 1804 588 MAGISTRI
1833 542 2100 587 FABRICE

745 805 921 853 fari-ine
951 807 1146 867 receptis
1169 821 1198 851 a
1228 801 1460 865 Magistro
1493 802 1525 847 J
1527 802 1713 847 ohanne
1737 800 1899 847 Lacok
1921 802 2183 863 grauiterio
2206 801 2404 851 Domini
2425 805 2477 851 in

744 914 1056 962 Dounkelden
1091 916 1148 960 de
1181 913 1353 973 quibus
1387 912 1511 956 idem
1548 910 1837 972 grauiterius
1871 911 2078 957 reddidit
2111 916 2385 971 compotum
2419 919 2476 960 ut

740 1031 870 1083 patet
903 1025 952 1069 in
987 1023 1146 1069 eodem
1182 1021 1364 1066 reddito
1404 1021 1531 1079 apud
1573 1018 1889 1066 Dounkelden
1933 1021 2049 1081 xxvj
2087 1020 2309 1067 Octobris
2349 1036 2475 1068 anno

738 1131 913 1177 domini
945 1128 1187 1177 millesimo
1209 1126 1584 1191 quingentesimo
1617 1130 1799 1175 decimo
1832 1130 1883 1175 in
1914 1136 2133 1190 compoto
2163 1128 2473 1190 expensarum

735 1240 909 1285 farrine
977 1239 1044 1285 Et
1074 1240 1132 1285 de
1164 1240 1213 1285 ix
1245 1239 1413 1285 celdris
1444 1239 1511 1299 xij
1548 1238 1684 1285 bellis
1711 1238 1890 1284 farrine
1920 1239 1981 1285 ab
2015 1240 2177 1286 eodem
2212 1241 2473 1301 grauiterio

732 1357 899 1408 recept.
931 1350 989 1394 de
1022 1349 1196 1408 quibus
1226 1345 1440 1394 similiter
1470 1347 1677 1394 reddidit
1706 1353 1977 1408 compotum
2010 1349 2135 1408 apud
2170 1348 2325 1410 Clony
2353 1351 2469 1411 xxvj

732 1457 1013 1504 Novembris
1044 1472 1169 1504 anno
1191 1458 1372 1504 domini
1399 1453 1646 1503 millefimo
1677 1454 2053 1519 quingentesimo
2084 1459 2333 1505 undecimo
2402 1459 2472 1505 Et

729 1568 787 1613 de
810 1568 859 1629 xj
885 1568 1051 1613 celdris
1073 1568 1107 1628 ij
1133 1567 1271 1613 bellis
1294 1567 1328 1627 ij
1353 1566 1521 1613 firlotis
1545 1567 1828 1614 victualium
1861 1567 1992 1614 ordei
2014 1573 2063 1614 et
2084 1568 2264 1615 farrine
2293 1575 2466 1630 recept.

727 1675 787 1721 ab
809 1677 970 1722 eodem
993 1678 1051 1723 de
1074 1677 1248 1737 quibus
1270 1677 1417 1723 eciam
1446 1676 1655 1723 reddidit
1685 1682 1958 1736 compotum
1988 1677 2117 1736 apud
2149 1675 2469 1724 Dounkelden

725 1894 890 1941 fitlotis
923 1895 1101 1942 farrine
1134 1902 1303 1956 recept.
1339 1896 1400 1941 ab
1434 1897 1597 1942 eodem
1641 1895 1902 1957 grauiterio
1939 1896 1999 1942 de
2033 1895 2207 1955 quibus
2247 1893 2462 1943 fimiliter

724 2005 927 2051 reddidit
948 2012 1217 2066 compotum
1242 2007 1299 2052 de
1321 2004 1404 2052 sua
1426 2002 1551 2052 resta
1579 2005 1872 2066 precedentis
1901 2006 2108 2065 compoti
2138 2006 2268 2065 apud
2299 2004 2466 2052 Doun-

727 2077 837 2160 keid
859 2115 977 2177 xviij
1005 2115 1252 2177 Februarij
1274 2130 1397 2162 anno
1420 2123 1496 2161 ‘tc‘
1512 2118 1559 2161 vc
1573 2116 1692 2176 xijm⁰
1747 2114 1817 2162 Et
1834 2116 1893 2161 de
1914 2115 1999 2176 xiij
2026 2115 2194 2162 celdris
2216 2115 2268 2176 iij
2293 2114 2463 2161 firlotis

725 2223 776 2284 iij
808 2225 958 2283 peccis
981 2225 1257 2271 victualium
1280 2226 1479 2286 receptis
1502 2225 1564 2272 ab
1592 2226 1755 2272 eodem
1778 2222 1865 2271 fibi
1893 2225 1945 2270 in
1973 2222 2055 2271 suo
2089 2224 2308 2284 proximo
2335 2238 2462 2271 com-

724 2339 834 2391 poto
856 2335 1090 2380 reddendo
1113 2336 1368 2381 allocandis

1060 2443 1255 2489 Summa
1277 2443 1570 2490 Victualium
1594 2444 1661 2505 ij
1688 2458 1727 2488 c.
1750 2458 1782 2488 x
1806 2443 1850 2488 b.
1875 2443 1909 2503 ij
1934 2442 1968 2487 f.
1991 2443 2042 2503 iij
2069 2456 2113 2501 p.

791 2656 1052 2706 ExPENsE
1074 2662 1328 2708 eorundem
1350 2668 1515 2722 patent
1544 2668 1594 2708 et
1624 2662 1857 2722 patebunt
1885 2662 1936 2707 in
1959 2668 2177 2722 compoto
2205 2662 2319 2708 dicti
2349 2675 2459 2724 gra-

722 2767 882 2812 niterii
904 2781 1009 2813 cum
1043 2767 1138 2827 ipse
1160 2769 1437 2818 deliberavit
1459 2772 1623 2819 eadem
1658 2772 1883 2819 victualia
1917 2772 2144 2834 operariis
2183 2771 2343 2832 pontis
2388 2769 2457 2817 Et

722 2872 783 2921 fic
803 2889 923 2936 eque
945 2889 1053 2922 cum
1075 2883 1369 2936 compotante
