2964 3892
800 543 893 586 110
1170 537 1529 584 COMPOTUM
1558 535 1858 581 MAGISTRI
1888 535 2157 581 FABRICE

792 685 1001 746 quinque
1031 700 1227 732 onerum
1259 700 1510 733 arenarum
1532 685 1584 746 lij
1610 688 1644 729 ἔ.
1667 685 1717 746 xj
1733 699 1757 745 3
1780 681 1826 729 d.
1897 682 1967 729 Et
2000 684 2232 729 allocatur
2264 683 2418 730 eidem
2449 698 2533 743 per

793 793 1121 841 liberacionem
1156 794 1327 841 factam
1362 794 1584 840 lathomis
1620 798 1668 839 et
1703 806 1869 838 eorum
1902 790 2210 838 servitoribus
2240 792 2533 853 erigentibus

792 904 998 963 primum
1044 917 1206 949 arcum
1240 903 1397 962 pontis
1437 901 1754 948 Dounkelden
1794 916 1824 946 a
1862 901 2017 961 primo
2055 898 2088 945 J
2092 899 2175 960 ulij
2214 900 2266 945 in
2306 901 2532 947 ultimum

792 1011 1079 1070 Septembris
1101 1012 1214 1056 anni
1237 1011 1441 1070 compoti
1464 1011 1563 1071 iij¹2
1587 1011 1653 1072 vij
1679 1011 1729 1056 li.
1755 1010 1801 1071 vj
1828 1014 1863 1055 ἔ.
1920 1008 1988 1056 Et
2011 1010 2245 1055 allocatur
2268 1010 2422 1055 eidem
2446 1024 2530 1069 per

791 1119 1115 1165 liberacionem
1154 1118 1327 1165 factam
1373 1120 1601 1179 operariis
1646 1119 1913 1166 locantibus
1954 1115 2004 1179 ly
2042 1115 2288 1164 Bulwark
2335 1126 2531 1179 propter

787 1224 1091 1274 retentionem
1116 1242 1238 1288 aque
1259 1228 1320 1274 ab
1342 1243 1456 1274 arcu
1479 1243 1508 1274 a
1530 1229 1711 1274 decimo
1734 1228 1854 1274 Maii
1878 1229 1930 1274 in
1952 1229 2103 1290 xxviij
2124 1227 2157 1273 J
2159 1229 2260 1290 unij
2281 1229 2407 1274 infra
2426 1243 2531 1289 pre-

787 1337 887 1383 sens
910 1343 1181 1397 compotum
1206 1337 1271 1398 vij
1298 1338 1346 1383 li.
1371 1338 1422 1383 ix
1444 1340 1479 1383 ἔ.
1503 1338 1554 1383 ix
1575 1334 1621 1383 d.
1690 1337 1759 1384 Et
1788 1339 2018 1384 allocatur
2041 1338 2193 1383 eidem
2217 1353 2303 1398 per
2325 1339 2529 1398 empcio-

787 1461 894 1492 nem
925 1448 1066 1493 unius
1098 1447 1218 1493 bolle
1245 1461 1503 1493 avenarum
1539 1449 1597 1493 ad
1629 1449 1824 1494 veredos
1858 1463 1943 1507 per
1978 1455 2166 1508 tempus
2200 1450 2407 1509 compoti
2441 1464 2471 1494 v
2494 1453 2528 1495 ἔ.

787 1553 855 1600 Et
877 1557 1106 1601 allocatur
1126 1556 1277 1601 eidem
1305 1570 1391 1614 per
1420 1556 1751 1602 liberacionem
1782 1556 1958 1602 factam
1982 1556 2169 1603 Thome
2194 1557 2400 1618 Wrycht
2430 1574 2531 1605 car-

783 1664 996 1721 pentario
1029 1665 1080 1710 in
1113 1664 1305 1710 feodum
1338 1662 1475 1710 suum
1507 1666 1566 1711 ab
1598 1666 1770 1711 ultimo
1802 1672 2022 1726 compoto
2054 1668 2106 1713 in
2137 1667 2265 1713 diem
2296 1666 2525 1727 presentis

782 1774 984 1832 compoti
1008 1789 1038 1819 x
1057 1775 1106 1819 li.
1156 1773 1226 1820 Et
1248 1775 1478 1820 allocatur
1500 1775 1652 1821 eidem
1675 1790 1761 1835 per
1782 1776 2115 1822 liberacionem
2137 1776 2314 1822 factam
2339 1776 2526 1824 Thome

782 1881 945 1927 Sawar
977 1882 1094 1928 alias
1137 1882 1247 1928 Sow
1280 1884 1332 1928 in
1364 1882 1502 1929 feodo
1535 1881 1618 1929 suo
1651 1885 1831 1944 capien.
1865 1899 1951 1944 per
1989 1899 2170 1931 annum
2204 1886 2526 1948 quadraginta

781 1989 948 2035 solidos
965 1996 1013 2035 et
1030 1989 1174 2050 usque
1188 1988 1360 2037 festum
1374 1991 1536 2038 Sancti
1555 1991 1687 2039 Petri
1704 1994 1834 2053 quod
1850 1994 2027 2039 dicitur
2043 1992 2126 2040 Ad
2140 1995 2335 2041 uincula
2352 1996 2525 2041 ultimo

781 2095 987 2157 elapsum
1011 2099 1256 2144 extenden.
1281 2100 1342 2144 ad
1365 2107 1461 2145 tres
1483 2106 1679 2159 quartas
1703 2108 1863 2160 partes
1887 2103 2001 2148 anni
2023 2100 2148 2149 xxxtj
2173 2107 2209 2149 ἓ.
2279 2103 2348 2149 Et
2371 2105 2522 2150 eidem

780 2206 956 2265 capien.
978 2221 1064 2266 per
1094 2208 1219 2253 diem
1250 2207 1458 2254 Domino
1486 2207 1675 2255 absente
1706 2210 1827 2255 citra
1858 2210 2032 2256 bollam
2066 2211 2118 2257 in
2151 2214 2441 2272 proprandio
2476 2221 2523 2259 et

778 2312 1079 2375 postprandio
1101 2316 1351 2362 denarium
1375 2331 1404 2362 a
1426 2314 1543 2363 festo
1561 2317 1908 2377 purificacionis
1932 2319 2068 2366 beate
2092 2321 2294 2382 virginis
2318 2322 2370 2367 in
2393 2323 2519 2368 diem

777 2420 1033 2470 cessationis
1073 2426 1227 2484 operis
1265 2440 1361 2485 quo
1400 2426 1526 2472 idem
1564 2426 1777 2473 Thomas
1813 2433 2011 2474 vocatus
2053 2426 2122 2475 est
2154 2430 2205 2474 in
2241 2429 2516 2491 obsequium

777 2529 971 2576 Domini
1000 2533 1059 2577 ad
1090 2547 1320 2579 cameram
1351 2505 1421 2595 iioi}
1448 2537 1483 2579 ἓ.
1550 2533 1620 2581 Et
1653 2536 1883 2582 allocatur
1918 2537 2071 2582 eidem
2104 2552 2190 2597 per
2223 2539 2515 2597 empcionem

776 2639 1076 2684 candelarum
1099 2655 1186 2699 pro
1210 2642 1400 2687 verudis
1422 2643 1474 2688 in
1495 2642 1666 2703 hyeme
1688 2645 1741 2690 in
1763 2659 1889 2690 anno
1912 2646 2092 2691 domini
2110 2642 2358 2694 millesimo
2378 2650 2519 2708 quin-

775 2744 1032 2809 gentefimo
1054 2749 1161 2810 xiij⁰
1183 2749 1308 2795 infra
1330 2749 1516 2809 presens
1538 2758 1811 2813 compotum
1833 2755 1900 2816 xij
1927 2751 1974 2800 d.
2026 2754 2096 2801 Et
2118 2756 2271 2801 eidem
2294 2770 2380 2815 per
2403 2758 2518 2803 libe-

772 2857 1006 2903 racionem
1038 2856 1213 2904 factam
1244 2854 1310 2903 lie
1338 2855 1538 2921 Cowper
1570 2863 1620 2907 in
1649 2862 2039 2910 reformacionem
2068 2860 2134 2910 lie
2159 2868 2339 2910 morter
2361 2863 2519 2911 tubbis

773 2962 975 3011 instante
1005 2980 1146 3025 opere
1179 2967 1298 3027 xviij
1324 2963 1370 3012 d.
1443 2967 1508 3014 Et
1538 2971 1690 3016 eidem
1720 2986 1808 3031 pro
1839 2973 2155 3019 inundacione
2189 2974 2329 3020 calcis
2353 2976 2412 3020 ad
2436 2990 2507 3021 ce-
