2964 3892
771 531 835 588 96
1111 501 1117 509 ’
1156 530 1513 575 COMPOTUM
1542 529 1845 574 MAGISTm
1876 523 2147 572 FABmcE

775 680 1030 728 eorundem
1065 681 1135 742 iiij
1172 683 1207 725 ἔ.
1281 679 1350 726 Et
1385 681 1614 726 allocatur
1645 677 1797 723 eidem
1832 676 1883 722 in
1916 674 2219 721 refectionem
2243 672 2517 725 *ferreorum

777 791 999 852 lapicidii,
1026 790 1201 851 quibus
1233 789 1343 836 usus
1369 786 1437 836 est
1463 788 1494 834 J
1496 789 1705 834 ohannes
1734 787 1981 848 Queryeor
2008 786 2129 832 citra
2158 785 2386 831 ferrinam
2421 785 2518 831 dat.

776 900 913 948 fabro
945 901 1004 946 de
1036 899 1408 961 Sloiggynehoill
1442 899 1625 944 allocat.
1654 903 1703 943 et
1738 898 1934 943 allocan.
1957 896 2219 959 grauiterio
2242 893 2324 954 xvj
2352 897 2388 939 ἔ.
2411 893 2446 954 ij
2471 890 2518 938 d.

778 1007 847 1058 Et·
878 1011 1106 1057 allocatur
1137 1009 1288 1055 eidem
1316 1008 1369 1053 in
1394 1006 1697 1054 refectionem
1727 1006 1964 1053 serrorum
1997 1005 2029 1051 J
2032 1006 2235 1052 ohannis
2260 1003 2402 1064 Wiys
2434 1017 2524 1063 per

777 1127 962 1179 tempus
985 1118 1188 1178 compoti
1213 1118 1296 1179 viij
1322 1121 1356 1163 ἔ.
1380 1118 1414 1178 ij
1439 1114 1486 1163 d.
1555 1116 1624 1162 Et
1646 1117 1877 1163 allocatur
1898 1116 2051 1162 eidem
2075 1130 2160 1175 per
2187 1114 2518 1160 liberacionem

775 1230 947 1276 factam
973 1227 1158 1274 Thome
1182 1225 1391 1288 Ramsay
1424 1226 1561 1272 fabro
1597 1227 1829 1273 conducto
1851 1241 1937 1286 per
1964 1240 2144 1271 annum
2175 1225 2235 1271 ab
2266 1225 2520 1272 undecimo

778 1337 1063 1385 Novembris
1093 1338 1206 1383 anni
1231 1343 1311 1382 'tc‘
1335 1339 1382 1383 vc
1405 1333 1479 1382 x¹¹¹¹
1502 1337 1552 1382 in
1576 1337 1777 1383 eundem
1801 1337 1927 1382 diem
1950 1350 2077 1381 anno
2099 1336 2316 1381 revoluto
2339 1334 2519 1394 capien-

776 1450 828 1495 in
860 1463 985 1494 anno
1012 1448 1132 1494 eitra
1158 1447 1333 1493 bollam
1362 1446 1539 1493 ferrine
1566 1447 1618 1492 in
1644 1445 1800 1492 mense
1833 1446 2036 1507 triginta
2068 1443 2239 1491 solidos
2271 1444 2398 1490 feodi
2432 1458 2521 1504 pro

776 1558 859 1603 illo
880 1571 1006 1602 anno
1026 1552 1148 1601 xxx⁰
1173 1559 1208 1600 ἔ.
1270 1554 1339 1600 Et
1361 1555 1513 1600 eidem
1537 1552 1837 1614 postmodum
1860 1569 1958 1600 non
1982 1555 2214 1600 conducto
2238 1552 2316 1599 sed
2338 1555 2519 1614 eapien.

776 1681 862 1725 pro
883 1663 1047 1711 frustri
1069 1664 1184 1711 ferri
1207 1663 1504 1710 laboracione
1526 1662 1605 1709 sex
1628 1664 1847 1710 denarios
1870 1665 1921 1709 in
1943 1663 2104 1710 labore
2130 1668 2323 1708 centum
2346 1662 2520 1709 tresde-

777 1780 868 1825 cim
892 1793 1000 1824 cum
1022 1778 1228 1824 dimedio
1250 1774 1414 1822 frustri
1438 1777 1490 1822 in
1511 1776 1712 1836 pecunia
1734 1776 1804 1822 lix
1827 1779 1861 1822 ἔ.
1880 1776 1964 1836 viij
1990 1773 2037 1821 d.
2086 1774 2156 1821 Et
2179 1775 2331 1821 eidem
2353 1776 2407 1821 in
2428 1775 2524 1822 fer-

777 1889 1012 1935 racionem
1041 1901 1272 1948 equorum
1307 1887 1596 1932 verudorum
1628 1900 1689 1931 ex
1717 1886 1924 1946 propriis
1946 1885 2086 1932 ferris
2109 1891 2157 1932 et
2180 1885 2328 1931 clauis
2352 1886 2522 1946 aliqui-

778 1999 865 2051 bus
887 1995 1080 2044 existen.
1103 1995 1198 2043 suis
1221 1996 1467 2042 extenden.
1494 1996 1545 2042 in
1568 1995 1706 2041 totali
1731 2010 1931 2042 numero
1961 1996 2023 2041 ad
2050 1994 2319 2057 sexinginta
2347 1994 2521 2042 tresde-

779 2109 869 2154 cim
902 2107 1080 2167 capien.
1111 2120 1198 2165 pro
1235 2105 1447 2165 qualibet
1482 2104 1742 2151 fex-racione
1782 2104 1977 2151 obulum
2016 2119 2118 2150 xxv
2151 2108 2186 2152 ἓ.
2222 2106 2270 2167 vj
2290 2119 2313 2164 3
2337 2103 2383 2151 d.
2452 2105 2521 2152 Et

777 2217 929 2263 eidem
956 2230 1044 2275 pro
1071 2228 1241 2261 novem
1264 2214 1403 2260 ferris
1426 2229 1658 2275 equorum
1681 2228 1789 2260 cum
1808 2214 1955 2260 clauis
1979 2214 2013 2275 ij
2039 2217 2075 2259 ἔ.
2098 2214 2150 2259 ix
2171 2210 2217 2259 d.
2271 2213 2342 2260 Et
2366 2215 2518 2261 eidem

780 2325 964 2372 Th0me
1008 2322 1216 2385 Ramffiy
1259 2325 1311 2370 in
1360 2324 1571 2370 laborem
1614 2322 1753 2370 suum
1792 2324 1917 2370 circa
1960 2320 2026 2369 lie
2068 2321 2262 2383 btffckes
2292 2326 2352 2370 ad
2391 2331 2522 2372 rotas

779 2437 998 2483 redarum
1032 2435 1080 2496 vj
1117 2438 1151 2480 ἔ.
1186 2435 1238 2481 ix
1269 2431 1314 2480 d.
1388 2433 1459 2480 Et
1491 2435 1646 2481 alieno
1678 2434 1816 2481 fabro
1855 2435 1914 2480 de
1954 2434 2294 2496 Cupergrange
2335 2436 2518 2482 venien.

781 2546 909 2606 apud
946 2543 1170 2590 Dunkeld
1212 2550 1466 2605 antequam
1506 2545 1688 2605 proprii
1727 2544 1852 2590 fabri
1890 2543 2163 2590 habuerunt
2202 2550 2354 2590 artem
2394 2560 2520 2591 com-

781 2652 986 2713 ponendi
1025 2649 1088 2697 lie
1126 2649 1318 2710 busthes
1356 2654 1407 2698 in
1452 2649 1665 2713 expenfis
1710 2616 1917 2699 itineris·
1943 2659 1991 2699 et
2034 2654 2299 2699 mercedem
2343 2654 2519 2700 laboris

782 2764 833 2826 iij
858 2767 894 2810 ἔ.
923 2763 971 2825 vj
995 2759 1042 2808 d.
1107 2761 1178 2808 Et
1213 2763 1440 2809 allocatur
1472 2764 1622 2810 eidem
1656 2778 1742 2823 per
1771 2763 2103 2810 liberacionem
2132 2762 2309 2809 factam
2331 2761 2520 2809 Alester

784 2872 979 2934 Smytht
1012 2871 1150 2919 fabro
1185 2873 1238 2918 in
1266 2872 1425 2919 labore
1452 2879 1642 2919 centum
1669 2874 1872 2935 triginta
1898 2878 2005 2920 octo
2030 2870 2096 2919 lie
2123 2869 2310 2936 lwmpis
2338 2875 2517 2935 capien.

788 2996 875 3042 pro
909 2980 1070 3029 labore
1112 2977 1360 3043 mussibet
1399 2986 1504 3027 octo
1537 2982 1753 3028 denarios
1789 2988 1824 3027 ει
1855 2980 2031 3028 bihalia
2061 2952 2131 3044 ἐξ]
2157 2982 2206 3028 ιι
2240 2983 2308 3045 xij
2334 2979 2381 3030 d.
2449 2981 2519 3029 Et
