2964 3892
791 536 855 587 94
1186 529 1536 574 COMPOTUM
1565 526 1873 572 MAGISTRI
1901 523 2173 570 FABRICE

794 678 935 739 supra
947 678 1032 740 xiij
1048 681 1083 724 ἔ.
1131 677 1201 725 Et
1216 679 1446 724 allocatur
1464 675 1681 723 eidemin
1697 670 1910 734 expenfis
1923 672 2063 719 factis
2076 673 2202 719 circa
2215 672 2535 720 collectionem

796 788 1084 834 decimarum
1106 786 1374 849 garbalium
1403 785 1462 831 de
1484 783 1745 844 CardyneS,
1770 781 1889 829 Litil
1912 781 2155 835 Dunkeld,
2179 779 2468 843 Inchewyne
2489 788 2538 829 et

799 895 1045 957 Fandowy
1074 896 1125 941 in
1152 894 1296 941 Anno
1322 892 1517 939 Domini
1542 892 1598 954 j¹²
1629 894 1679 938 ν’
1707 893 1790 939 x¹¹²⁰
1818 897 1868 938 et
1898 906 2024 938 anno
2051 891 2153 953 xj¹⁰⁰
2180 887 2245 936 lie
2273 903 2417 953 crcffle
2448 905 2482 937 x
2504 895 2539 937 ἔ.

794 1005 816 1065 j
840 1001 886 1051 d.
932 1003 1000 1051 Et
1021 1005 1250 1050 allocatur
1262 1003 1415 1049 eidem
1437 1003 1489 1048 in
1511 1001 1748 1049 facturam
1769 1002 1990 1049 undecim
2014 1001 2262 1047 trahatum
2286 1001 2346 1047 ad
2369 1001 2542 1048 ducen-

802 1113 887 1159 das
915 1112 1119 1159 decimas
1145 1112 1381 1173 predictas
1404 1112 1463 1158 de
1485 1125 1630 1175 crope
1660 1112 1774 1158 anni
1797 1118 1877 1158 ‘ze‘
1903 1114 1952 1158 v‘
1975 1112 2079 1173 xiij,
2102 1111 2154 1173 iij
2186 1114 2220 1156 ἔ.
2245 1111 2329 1173 viij
2354 1108 2400 1158 d.
2470 1109 2541 1158 Et

802 1221 1030 1268 allocatur
1058 1222 1211 1269 eidem
1243 1222 1296 1268 in
1329 1218 1543 1283 expenfis
1576 1221 1774 1269 Domini
1806 1220 1840 1267 J
1842 1221 1975 1268 acobi
2011 1219 2276 1267 Henrisone
2309 1226 2358 1267 et
2391 1205 2546 1269 secum

801 1328 1083 1378 servitorum
1104 1332 1229 1378 circa
1250 1332 1382 1394 ligna
1402 1331 1591 1378 fraxina
1623 1346 1712 1391 pro
1741 1331 1920 1378 tabulis
1950 1332 2011 1377 ad
2039 1327 2105 1377 lie
2126 1327 2400 1395 Daweling
2430 1334 2545 1379 wol-

804 1446 963 1487 tarum
995 1442 1155 1501 pontis
1186 1441 1271 1502 xlij
1301 1444 1336 1486 ἔ.
1402 1439 1473 1486 Et
1505 1442 1736 1487 allocatur
1765 1441 1918 1487 eidem
1951 1456 2037 1502 per
2065 1441 2359 1502 empcionem
2392 1442 2444 1488 in
2479 1440 2545 1487 lie

805 1546 952 1609 ἄγηθ’
967 1557 1113 1609 empt.
1142 1550 1204 1595 ad
1238 1550 1440 1595 verudos
1468 1549 1528 1595 ab
1558 1555 1726 1595 octavo
1746 1549 1869 1596 Julii
1898 1551 2011 1596 anni
2036 1558 2118 1596 ‘ze‘
2142 1547 2319 1612 v‘xij‘*
2344 1552 2395 1597 in
2419 1552 2545 1598 diem

806 1655 1083 1720 vigesimum
1104 1659 1314 1718 primum
1345 1657 1638 1718 Septembris
1661 1657 1869 1720 ejusdem
1894 1660 2009 1706 anni
2033 1665 2082 1705 et
2104 1629 2166 1705 eb
2187 1660 2302 1706 hine
2323 1674 2409 1720 per
2429 1659 2548 1707 esta-

808 1775 903 1815 tem
932 1769 1022 1815 hoc
1048 1783 1173 1815 anno
1194 1774 1243 1815 et
1272 1782 1398 1815 anno
1429 1775 1509 1815 'ze‘
1533 1770 1582 1813 v‘
1605 1768 1690 1830 xiij
1721 1769 1774 1815 in
1807 1769 1934 1815 diem
1968 1770 2069 1831 xvij
2096 1766 2307 1831 Augusti
2338 1767 2548 1831 ejusdem

809 1879 921 1924 anni
944 1879 996 1924 in
1018 1878 1204 1925 defectu
1234 1892 1494 1924 avenarum
1524 1878 1624 1940 xxij
1659 1881 1694 1924 ἔ.
1727 1892 1759 1924 v
1789 1875 1836 1924 d.
1903 1878 1974 1926 Et
2007 1881 2239 1926 allocatur
2276 1879 2430 1925 eidem
2463 1894 2549 1940 per

810 1989 1099 2048 empcionem
1121 2002 1350 2048 equorum
1375 1988 1665 2034 verudorum
1687 1988 1748 2034 ad
1770 1988 1908 2035 redas
1931 1986 2013 2035 seu
2034 1989 2206 2051 bighas
2229 1994 2278 2035 et
2310 1990 2467 2049 primo
2490 2004 2550 2036 ex

811 2097 916 2145 foro
938 2093 1260 2143 Dunblanenfi
1294 2102 1392 2143 tres
1425 2097 1535 2156 equi
1564 2097 1724 2156 precio
1756 2095 2001 2144 tresdecim
2034 2098 2116 2144 lib.
2140 2104 2247 2144 octo
2268 2096 2399 2145 solid.
2424 2099 2476 2159 iij
2503 2095 2549 2144 d.

813 2206 881 2254 Et
918 2222 949 2253 a
979 2206 1012 2252 J
1013 2207 1198 2254 ohanne
1237 2205 1373 2252 Blair
1401 2220 1527 2252 unus
1564 2220 1714 2267 equus
1745 2207 1904 2267 precio
1933 2208 2146 2268 quinque
2177 2207 2410 2254 librarum
2445 2215 2493 2255 et
2523 2226 2552 2256 a

811 2316 970 2363 David
992 2315 1227 2376 Balbirny
1247 2330 1374 2362 unus
1395 2329 1547 2376 equus
1579 2316 1738 2376 precio
1759 2317 1973 2377 quinque
2003 2331 2270 2364 mercarum
2295 2323 2344 2364 et
2377 2333 2407 2364 a
2428 2318 2552 2365 Wil-

812 2428 970 2474 lielmo
1003 2425 1115 2472 Scot
1146 2426 1242 2472 duo
1280 2425 1392 2486 equi
1423 2425 1584 2485 precio
1618 2440 1791 2472 novem
1827 2426 2062 2473 librarum
2093 2424 2174 2473 sex
2211 2424 2467 2475 solidorum
2503 2434 2553 2474 et

815 2541 920 2582 octo
940 2534 1240 2581 denariorum
1275 2540 1323 2581 et
1352 2549 1383 2581 a
1404 2534 1668 2581 Willielmo
1699 2534 1804 2582 Seir
1828 2550 1954 2584 unus
1979 2551 2130 2597 equus
2164 2537 2323 2596 precio
2344 2543 2552 2597 quatuor

813 2644 1043 2692 librarum
1073 2645 1318 2690 extenden.
1349 2646 1401 2691 in
1431 2647 1569 2693 totali
1595 2647 1797 2708 pecunia
1817 2648 1880 2694 ad
1900 2662 2035 2694 xxxv
2056 2649 2106 2694 li.
2129 2648 2216 2694 xix
2237 2645 2287 2695 d.
2354 2648 2425 2695 Et
2446 2664 2553 2709 pre-

813 2751 1119 2800 sentabantur
1140 2767 1225 2813 per
1250 2753 1456 2802 diversos
1484 2757 1595 2816 equi
1626 2757 1704 2820 vig
1730 2772 1818 2819 per
1845 2757 2109 2805 Dominum
2131 2757 2164 2804 J
2165 2758 2402 2805 ohannem
2427 2758 2551 2820 Tiry

814 2862 1045 2909 vicarium
1075 2863 1134 2908 de
1156 2861 1442 2910 Crawmond
1473 2879 1596 2912 unus
1630 2881 1781 2928 equus
1807 2864 1952 2930 grofii
1981 2867 2152 2914 eoloris
2183 2873 2232 2914 et
2265 2882 2352 2928 per
2383 2868 2551 2916 Domi-

813 2986 928 3019 num
952 2971 1189 3019 Thomam
1212 2970 1360 3035 Greig
1388 2973 1752 3033 prebendarium
1778 2977 1838 3025 de
1859 2974 2038 3039 Alytht
2070 2991 2197 3025 unus
2228 2992 2381 3039 equus
2420 2980 2548 3042 nigri
