3112 3912
851 519 914 567 86
1207 520 1560 566 coMPO‘rUM
1589 519 1898 565 MAGISTRI
1924 510 2193 565 FABmcE

848 664 1055 715 Domino
1082 667 1297 717 Gilberto
1325 669 1532 730 Scharpe
1560 669 1819 731 grauiterio
1847 667 2043 714 Domini
2070 668 2123 714 in
2153 668 2304 714 Perth
2325 668 2383 714 de
2406 668 2581 729 quibus

846 775 972 823 idem
1004 779 1291 840 grauiter-ius
1331 779 1536 825 reddidit
1567 782 1840 837 compotum
1875 777 2003 837 apud
2037 775 2281 823 Tullelum
2312 777 2466 838 xxviij
2503 778 2580 824 die

846 882 1015 933 menfiz
1037 886 1323 934 Novembris
1352 900 1479 934 anno
1511 886 1691 932 domini
1725 883 1970 933 millesimo
1992 882 2368 949 quingentefimo
2397 885 2580 932 decimo

844 992 913 1042 Et
934 996 993 1041 de
1016 997 1063 1058 vj
1088 998 1136 1043 li.
1160 1011 1226 1042 xv
1249 998 1285 1042 ἔ.
1309 997 1357 1058 vj
1381 993 1429 1043 d.
1451 1002 1624 1057 recept.
1647 995 1709 1043 ab
1737 997 1902 1043 eodem
1931 997 1990 1043 de
2012 996 2187 1058 quibus
2218 995 2425 1042 reddidit
2454 1009 2582 1041 com-

842 1109 1004 1162 potum
1040 1106 1165 1166 apud
1189 1104 1444 1152 Dounkeld
1466 1106 1745 1152 duodecimo
1767 1106 1843 1153 die
1877 1102 2047 1153 mensis
2070 1106 2320 1166 Februarij
2346 1119 2473 1151 anno
2498 1111 2575 1151 *tc*

843 1214 890 1257 ν’
911 1215 1011 1276 xj¹¹²⁰
1054 1214 1123 1262 Et
1144 1216 1202 1262 de
1226 1215 1309 1278 viij
1335 1216 1371 1261 ἔ.
1404 1223 1576 1276 recept.
1607 1215 1669 1262 ab
1696 1216 1858 1263 eodem
1887 1216 1948 1263 de
1982 1216 2158 1277 quibus
2191 1216 2341 1263 eciam
2371 1214 2578 1262 reddidit

838 1330 1106 1385 compotum
1141 1325 1269 1385 apud
1292 1324 1532 1371 Tullelum
1566 1326 1684 1371 xxix
1706 1323 1891 1386 Aprilis
1929 1341 2055 1373 anno
2080 1333 2162 1372 'fc‘
2185 1329 2233 1372 νο
2254 1326 2374 1388 xij¹¹¹⁰
2424 1323 2494 1371 Et
2516 1326 2574 1372 de

838 1446 937 1479 xxv
958 1433 1008 1479 li.
1031 1434 1131 1496 xvij
1156 1436 1191 1478 ἔ.
1214 1434 1267 1495 iij
1292 1430 1338 1479 d.
1361 1441 1533 1494 recept.
1557 1434 1617 1480 ab
1650 1435 1813 1480 eodem
1841 1435 1900 1481 de
1922 1435 2096 1496 quibus
2125 1433 2341 1483 fimiliter
2368 1435 2575 1483 reddidit

836 1547 1104 1602 compotum
1132 1542 1259 1602 apud
1296 1541 1538 1588 Tullelum
1560 1542 1714 1604 xvij¹²¹⁰
1733 1542 1953 1607 Januarij
1989 1559 2117 1591 anno
2146 1551 2226 1592 Ql:‹:⁴
2250 1548 2298 1592 ν’
2318 1545 2440 1608 xij*
2504 1545 2574 1592 Et

836 1650 893 1696 de
914 1651 965 1696 ix
981 1651 1030 1697 li.
1049 1651 1100 1712 iij
1120 1653 1156 1696 ἔ.
1171 1651 1223 1697 ix
1240 1647 1287 1697 d.
1304 1651 1503 1711 receptis
1526 1651 1587 1698 ab
1609 1652 1772 1698 eodem
1795 1652 1854 1699 de
1876 1652 2052 1713 quibus
2072 1653 2280 1701 reddidit
2301 1662 2574 1716 compotum

835 1760 961 1820 apud
976 1759 1217 1807 Tullelum
1238 1760 1358 1823 xviij
1377 1759 1562 1821 Aprilis
1575 1776 1701 1808 anno
1725 1768 1805 1809 *tc*
1823 1765 1872 1807 vc
1887 1762 2008 1824 xiij0.
2057 1761 2130 1810 Et
2150 1762 2210 1810 de
2230 1777 2331 1811 xxv
2352 1764 2403 1811 li.
2427 1764 2513 1826 viij
2536 1766 2573 1811 ὅ.

832 1882 865 1914 x
887 1870 933 1915 d.
961 1875 1131 1930 recept.
1153 1870 1217 1917 ab
1250 1870 1414 1917 eodem
1441 1871 1594 1917 eidem
1619 1871 1674 1917 in
1704 1872 1924 1932 proximo
1953 1876 2172 1933 compoto
2198 1870 2282 1919 suo
2313 1872 2573 1921 Reddendo

832 1978 1024 2025 allocan.
1076 1977 1145 2026 Et
1174 1980 1236 2026 de
1268 1980 1316 2042 vj
1339 1980 1391 2026 li.
1422 1986 1597 2041 recept.
1632 1996 1662 2029 a
1692 1980 1902 2029 Domino
1935 1980 2196 2030 willielmo
2222 1982 2431 2031 Moncur
2462 1958 2581 2046 gra--

830 2086 1002 2134 niterio
1038 2086 1286 2135 Laudonie
1324 2089 1383 2135 de
1417 2089 1592 2149 quibus
1628 2091 1758 2137 idem
1795 2090 2085 2152 grauiterius
2128 2092 2338 2140 reddidit
2381 2107 2571 2153 compo-

830 2176 934 2242 tmin
967 2197 1094 2257 apud
1120 2196 1378 2245 Dounkeld
1397 2198 1499 2261 xjm
1514 2199 1591 2246 die
1622 2195 1795 2247 m-fis
1819 2198 2096 2247 Decembris
2129 2215 2255 2247 anno
2278 2207 2358 2248 ‘tc‘
2384 2204 2433 2248 ν’
2451 2203 2569 2264 xjffl'.

829 2302 899 2352 Et
913 2306 972 2352 de
986 2306 1069 2368 xvj
1086 2307 1139 2353 li.
1154 2314 1328 2368 recept.
1351 2308 1412 2355 ab
1434 2310 1598 2356 eodem
1615 2310 1674 2356 de
1695 2308 1870 2371 quibus
1892 2309 2042 2356 eciam
2062 2310 2273 2358 reddidit
2294 2318 2567 2372 compotum

828 2415 955 2474 apud
979 2414 1234 2464 Dounkeld
1253 2416 1374 2480 xxiij
1396 2418 1476 2465 die
1492 2415 1669 2466 menfis
1688 2418 1940 2481 Februarij
1966 2434 2092 2468 anno
2115 2427 2194 2467 ‘w'
2218 2423 2268 2467 v‘
2289 2422 2568 2471 duodecimo

837 2519 908 2568 Et
928 2523 988 2569 de
1013 2523 1063 2584 xj
1085 2524 1137 2570 li.
1158 2525 1226 2587 xij
1250 2528 1286 2572 ἔ.
1306 2497 1379 2588 iiij
1402 2523 1450 2573 d.
1474 2533 1649 2589 recept.
1677 2542 1710 2575 a
1738 2525 1973 2590 Magistro
2004 2527 2184 2576 Jacobo
2217 2528 2355 2590 Lyne
2388 2530 2566 2579 decano

827 2630 1072 2680 Ladonie
1091 2630 1179 2680 fibi
1201 2634 1253 2680 in
1274 2636 1496 2695 proximo
1524 2643 1743 2698 compoto
1769 2635 1852 2685 suo
1880 2637 2120 2684 reddendo
2149 2639 2345 2686 allocan.
2413 2637 2485 2687 Et
2506 2641 2566 2688 de

823 2740 939 2801 xxvj
968 2740 1132 2803 li..xiij
1171 2743 1207 2787 ἔ.
1245 2713 1316 2803 iiij
1342 2740 1391 2791 d.
1421 2745 1622 2806 receptis
1649 2760 1682 2794 a
1713 2744 1925 2795 Patricio
1954 2745 2072 2808 Hay
2098 2746 2159 2793 de
2193 2742 2441 2807 Eschindy
2475 2743 2563 2795 fibi

823 2850 1113 2910 componun
1133 2864 1220 2912 per
1237 2850 1577 2915 obligacionem
1591 2854 1800 2905 Domino
1822 2857 1881 2904 de
1897 2854 2173 2917 octuaginta
2191 2856 2363 2903 mercis
2384 2854 2560 2906 factam

820 2963 868 3004 et
898 2954 1194 3009 offimtam
1220 2960 1274 3008 in
1301 2975 1421 3024 opus
1444 2962 1613 3013 Pontis
1667 2964 1739 3014 Et
1760 2966 1819 3015 de
1837 2964 1976 3027 xlviij
2001 2965 2051 3013 li.
2073 2964 2275 3027 receptis
2307 2979 2339 3013 a
2367 2964 2561 3015 domino
