<?xml version="1.0" encoding="UTF-8"?>
<!DOCTYPE html PUBLIC "-//W3C//DTD XHTML 1.0 Transitional//EN"
    "http://www.w3.org/TR/xhtml1/DTD/xhtml1-transitional.dtd">
<html xmlns="http://www.w3.org/1999/xhtml" xml:lang="en" lang="en">
 <head>
  <title>
</title>
<meta http-equiv="Content-Type" content="text/html;charset=utf-8" />
  <meta name='ocr-system' content='tesseract 3.04.00' />
  <meta name='ocr-capabilities' content='ocr_page ocr_carea ocr_par ocr_line ocrx_word'/>
</head>
<body>
  <div class='ocr_page' id='page_1' title='image "./vitaedvnkeldens101mylnuoft_0058.png"; bbox 0 0 2964 3892; ppageno 0'>
   <div class='ocr_carea' id='block_1_1' title="bbox 782 531 2142 589">
    <p class='ocr_par' dir='ltr' id='par_1_1' title="bbox 782 531 2142 589">
     <span class='ocr_line' id='line_1_1' title="bbox 782 531 2142 589; baseline -0.01 1"><span class='ocrx_word' id='word_1_1' title='bbox 782 546 875 589; x_wconf 80' lang='lat'><strong>114</strong></span> <span class='ocrx_word' id='word_1_2' title='bbox 1147 534 1506 581; x_wconf 78' lang='lat' dir='ltr'>COMPOTUM</span> <span class='ocrx_word' id='word_1_3' title='bbox 1535 533 1843 579; x_wconf 80' lang='lat' dir='ltr'>MAGISTRI</span> <span class='ocrx_word' id='word_1_4' title='bbox 1872 531 2142 577; x_wconf 81' lang='lat' dir='ltr'>FABRICE</span> 
     </span>
    </p>
   </div>
   <div class='ocr_carea' id='block_1_2' title="bbox 1602 1030 1705 1084">
    <p class='ocr_par' dir='ltr' id='par_1_2' title="bbox 1602 1030 1705 1084">
     <span class='ocr_line' id='line_1_2' title="bbox 1602 1030 1705 1084; baseline 0 -1"><span class='ocrx_word' id='word_1_5' title='bbox 1602 1030 1705 1084; x_wconf 91' lang='lat' dir='ltr'><strong>IV.</strong></span> 
     </span>
    </p>
   </div>
   <div class='ocr_carea' id='block_1_3' title="bbox 1087 1254 2226 1319">
    <p class='ocr_par' dir='ltr' id='par_1_3' title="bbox 1087 1254 2226 1319">
     <span class='ocr_line' id='line_1_3' title="bbox 1087 1254 2226 1319; baseline -0.004 -5"><span class='ocrx_word' id='word_1_6' title='bbox 1087 1257 1497 1314; x_wconf 88' lang='lat' dir='ltr'><strong>MAGISTER</strong></span> <span class='ocrx_word' id='word_1_7' title='bbox 1536 1255 1880 1312; x_wconf 91' lang='lat' dir='ltr'><strong>FABRICE</strong></span> <span class='ocrx_word' id='word_1_8' title='bbox 1920 1254 2226 1319; x_wconf 90' lang='lat' dir='ltr'>PONTIS‚</span> 
     </span>
    </p>
   </div>
   <div class='ocr_carea' id='block_1_4' title="bbox 1485 1440 1830 1495">
    <p class='ocr_par' dir='ltr' id='par_1_4' title="bbox 1485 1440 1830 1495">
     <span class='ocr_line' id='line_1_4' title="bbox 1485 1440 1830 1495; baseline -0.006 0"><span class='ocrx_word' id='word_1_9' title='bbox 1485 1441 1571 1495; x_wconf 88' lang='lat' dir='ltr'><strong>M.</strong></span> <span class='ocrx_word' id='word_1_10' title='bbox 1591 1440 1661 1494; x_wconf 91' lang='lat' dir='ltr'><strong>D.</strong></span> <span class='ocrx_word' id='word_1_11' title='bbox 1701 1440 1830 1495; x_wconf 88' lang='lat' dir='ltr'><strong>XV.</strong></span> 
     </span>
    </p>
   </div>
   <div class='ocr_carea' id='block_1_5' title="bbox 855 1885 1794 1948">
    <p class='ocr_par' dir='ltr' id='par_1_5' title="bbox 855 1885 1794 1948">
     <span class='ocr_line' id='line_1_5' title="bbox 855 1885 1794 1948; baseline -0.004 -11"><span class='ocrx_word' id='word_1_12' title='bbox 855 1890 975 1937; x_wconf 85' lang='lat' dir='ltr'><strong>Item</strong></span> <span class='ocrx_word' id='word_1_13' title='bbox 1012 1888 1145 1935; x_wconf 86' lang='lat' dir='ltr'><strong>Idem</strong></span> <span class='ocrx_word' id='word_1_14' title='bbox 1169 1887 1458 1948; x_wconf 82' lang='lat' dir='ltr'><strong>Compotans</strong></span> <span class='ocrx_word' id='word_1_15' title='bbox 1482 1893 1646 1934; x_wconf 84' lang='lat' dir='ltr'><strong>onerat</strong></span> <span class='ocrx_word' id='word_1_16' title='bbox 1667 1885 1713 1933; x_wconf 92' lang='lat' dir='ltr'><strong>se</strong></span> <span class='ocrx_word' id='word_1_17' title='bbox 1736 1887 1794 1934; x_wconf 91' lang='lat' dir='ltr'><strong>de</strong></span> 
     </span>
    </p>
   </div>
   <div class='ocr_carea' id='block_1_6' title="bbox 791 2104 2528 2606">
    <p class='ocr_par' dir='ltr' id='par_1_6' title="bbox 791 2104 2528 2606">
     <span class='ocr_line' id='line_1_6' title="bbox 857 2104 2523 2167; baseline -0.002 -13"><span class='ocrx_word' id='word_1_18' title='bbox 857 2108 977 2155; x_wconf 83' lang='lat' dir='ltr'><strong>Item</strong></span> <span class='ocrx_word' id='word_1_19' title='bbox 1005 2106 1137 2154; x_wconf 87' lang='lat' dir='ltr'><strong>Idem</strong></span> <span class='ocrx_word' id='word_1_20' title='bbox 1162 2111 1437 2166; x_wconf 74' lang='lat' dir='ltr'><strong>compotens</strong></span> <span class='ocrx_word' id='word_1_21' title='bbox 1469 2111 1635 2152; x_wconf 82' lang='lat' dir='ltr'><strong>onerat</strong></span> <span class='ocrx_word' id='word_1_22' title='bbox 1654 2104 1700 2152; x_wconf 89' lang='lat' dir='ltr'><strong>se</strong></span> <span class='ocrx_word' id='word_1_23' title='bbox 1723 2106 1781 2152; x_wconf 91' lang='lat' dir='ltr'><strong>de</strong></span> <span class='ocrx_word' id='word_1_24' title='bbox 1803 2107 1888 2152; x_wconf 84' lang='lat' dir='ltr'><strong>xix</strong></span> <span class='ocrx_word' id='word_1_25' title='bbox 1909 2106 2045 2153; x_wconf 87' lang='lat' dir='ltr'><strong>bollis</strong></span> <span class='ocrx_word' id='word_1_26' title='bbox 2069 2121 2329 2154; x_wconf 80' lang='lat' dir='ltr'><strong>avenarum</strong></span> <span class='ocrx_word' id='word_1_27' title='bbox 2353 2115 2523 2167; x_wconf 85' lang='lat' dir='ltr'>recept.</span> 
     </span>
     <span class='ocr_line' id='line_1_7' title="bbox 793 2211 2526 2279; baseline -0.001 -15"><span class='ocrx_word' id='word_1_28' title='bbox 793 2220 850 2264; x_wconf 90' lang='lat' dir='ltr'><strong>de</strong></span> <span class='ocrx_word' id='word_1_29' title='bbox 874 2217 1067 2264; x_wconf 85' lang='lat' dir='ltr'>decimis</span> <span class='ocrx_word' id='word_1_30' title='bbox 1094 2218 1153 2263; x_wconf 91' lang='lat' dir='ltr'><strong>de</strong></span> <span class='ocrx_word' id='word_1_31' title='bbox 1175 2214 1317 2262; x_wconf 89' lang='lat' dir='ltr'><strong>Ester</strong></span> <span class='ocrx_word' id='word_1_32' title='bbox 1341 2215 1549 2276; x_wconf 84' lang='lat' dir='ltr'><strong>Capetht</strong></span> <span class='ocrx_word' id='word_1_33' title='bbox 1583 2215 1641 2261; x_wconf 91' lang='lat' dir='ltr'><strong>de</strong></span> <span class='ocrx_word' id='word_1_34' title='bbox 1668 2211 1827 2279; x_wconf 82' lang='lat' dir='ltr'><strong>Crope</strong></span> <span class='ocrx_word' id='word_1_35' title='bbox 1859 2216 1971 2262; x_wconf 86' lang='lat' dir='ltr'><strong>anni</strong></span> <span class='ocrx_word' id='word_1_36' title='bbox 2001 2223 2081 2262; x_wconf 51' lang='lat' dir='ltr'><strong>‘ic‘</strong></span> <span class='ocrx_word' id='word_1_37' title='bbox 2105 2218 2153 2262; x_wconf 58' lang='grc' dir='ltr'><strong>ν’</strong></span> <span class='ocrx_word' id='word_1_38' title='bbox 2175 2217 2342 2262; x_wconf 89' lang='lat' dir='ltr'><strong>decimi</strong></span> <span class='ocrx_word' id='word_1_39' title='bbox 2368 2218 2526 2277; x_wconf 84' lang='lat' dir='ltr'><strong>quarti</strong></span> 
     </span>
     <span class='ocr_line' id='line_1_8' title="bbox 791 2325 2528 2388; baseline -0.001 -14"><span class='ocrx_word' id='word_1_40' title='bbox 791 2327 859 2374; x_wconf 82' lang='lat' dir='ltr'><strong>Et</strong></span> <span class='ocrx_word' id='word_1_41' title='bbox 886 2328 944 2374; x_wconf 90' lang='lat' dir='ltr'><strong>de</strong></span> <span class='ocrx_word' id='word_1_42' title='bbox 968 2342 1000 2372; x_wconf 87' lang='lat' dir='ltr'>v</span> <span class='ocrx_word' id='word_1_43' title='bbox 1028 2327 1166 2374; x_wconf 85' lang='lat' dir='ltr'><strong>bollis</strong></span> <span class='ocrx_word' id='word_1_44' title='bbox 1197 2327 1230 2388; x_wconf 91' lang='lat' dir='ltr'><strong>ij</strong></span> <span class='ocrx_word' id='word_1_45' title='bbox 1257 2326 1425 2373; x_wconf 84' lang='lat' dir='ltr'><strong>firlotis</strong></span> <span class='ocrx_word' id='word_1_46' title='bbox 1448 2340 1707 2372; x_wconf 80' lang='lat' dir='ltr'><strong>avenarum</strong></span> <span class='ocrx_word' id='word_1_47' title='bbox 1741 2332 1912 2387; x_wconf 85' lang='lat' dir='ltr'><strong>recept.</strong></span> <span class='ocrx_word' id='word_1_48' title='bbox 1947 2327 2005 2372; x_wconf 90' lang='lat' dir='ltr'><strong>de</strong></span> <span class='ocrx_word' id='word_1_49' title='bbox 2038 2325 2208 2373; x_wconf 88' lang='lat' dir='ltr'><strong>eisdem</strong></span> <span class='ocrx_word' id='word_1_50' title='bbox 2244 2327 2436 2373; x_wconf 87' lang='lat' dir='ltr'><strong>decimis</strong></span> <span class='ocrx_word' id='word_1_51' title='bbox 2470 2328 2528 2373; x_wconf 91' lang='lat' dir='ltr'><strong>de</strong></span> 
     </span>
     <span class='ocr_line' id='line_1_9' title="bbox 794 2433 2527 2500; baseline -0.001 -17"><span class='ocrx_word' id='word_1_52' title='bbox 794 2434 949 2500; x_wconf 81' lang='lat' dir='ltr'><strong>Crope</strong></span> <span class='ocrx_word' id='word_1_53' title='bbox 969 2436 1082 2483; x_wconf 86' lang='lat' dir='ltr'><strong>anni</strong></span> <span class='ocrx_word' id='word_1_54' title='bbox 1105 2442 1185 2483; x_wconf 55' lang='lat' dir='ltr'><strong>*tc*</strong></span> <span class='ocrx_word' id='word_1_55' title='bbox 1209 2437 1256 2481; x_wconf 80' lang='lat' dir='ltr'><strong>ve</strong></span> <span class='ocrx_word' id='word_1_56' title='bbox 1278 2435 1446 2482; x_wconf 90' lang='lat' dir='ltr'><strong>decimi</strong></span> <span class='ocrx_word' id='word_1_57' title='bbox 1469 2436 1626 2495; x_wconf 88' lang='lat' dir='ltr'><strong>quinti</strong></span> <span class='ocrx_word' id='word_1_58' title='bbox 1684 2433 1753 2482; x_wconf 84' lang='lat' dir='ltr'><strong>Et</strong></span> <span class='ocrx_word' id='word_1_59' title='bbox 1774 2436 1833 2482; x_wconf 93' lang='lat' dir='ltr'><strong>de</strong></span> <span class='ocrx_word' id='word_1_60' title='bbox 1855 2436 1907 2498; x_wconf 89' lang='lat' dir='ltr'><strong>iij</strong></span> <span class='ocrx_word' id='word_1_61' title='bbox 1928 2450 1966 2482; x_wconf 92' lang='lat' dir='ltr'><strong>c.</strong></span> <span class='ocrx_word' id='word_1_62' title='bbox 1983 2436 2049 2498; x_wconf 87' lang='lat' dir='ltr'><strong>vij</strong></span> <span class='ocrx_word' id='word_1_63' title='bbox 2070 2435 2114 2482; x_wconf 93' lang='lat' dir='ltr'><strong>b.</strong></span> <span class='ocrx_word' id='word_1_64' title='bbox 2137 2436 2171 2498; x_wconf 87' lang='lat' dir='ltr'><strong>ij</strong></span> <span class='ocrx_word' id='word_1_65' title='bbox 2193 2436 2225 2481; x_wconf 88' lang='lat' dir='ltr'><strong>f.</strong></span> <span class='ocrx_word' id='word_1_66' title='bbox 2244 2436 2277 2497; x_wconf 89' lang='lat' dir='ltr'><strong>ij</strong></span> <span class='ocrx_word' id='word_1_67' title='bbox 2298 2438 2359 2495; x_wconf 74' lang='lat' dir='ltr'><strong>p‘.</strong></span> <span class='ocrx_word' id='word_1_68' title='bbox 2383 2442 2527 2495; x_wconf 88' lang='lat' dir='ltr'><strong>empt.</strong></span> 
     </span>
     <span class='ocr_line' id='line_1_10' title="bbox 793 2546 2528 2606; baseline -0.001 -14"><span class='ocrx_word' id='word_1_69' title='bbox 793 2560 877 2606; x_wconf 89' lang='lat' dir='ltr'><strong>per</strong></span> <span class='ocrx_word' id='word_1_70' title='bbox 899 2551 1243 2606; x_wconf 77' lang='lat' dir='ltr'><strong>computantem</strong></span> <span class='ocrx_word' id='word_1_71' title='bbox 1267 2560 1351 2606; x_wconf 88' lang='lat' dir='ltr'><strong>per</strong></span> <span class='ocrx_word' id='word_1_72' title='bbox 1373 2551 1562 2606; x_wconf 82' lang='lat' dir='ltr'><strong>tempus</strong></span> <span class='ocrx_word' id='word_1_73' title='bbox 1585 2546 1791 2606; x_wconf 83' lang='lat' dir='ltr'><strong>compoti</strong></span> <span class='ocrx_word' id='word_1_74' title='bbox 1814 2551 1870 2592; x_wconf 83' lang='lat' dir='ltr'><strong>ut</strong></span> <span class='ocrx_word' id='word_1_75' title='bbox 1891 2551 2023 2606; x_wconf 83' lang='lat' dir='ltr'><strong>patet</strong></span> <span class='ocrx_word' id='word_1_76' title='bbox 2039 2546 2090 2592; x_wconf 91' lang='lat' dir='ltr'><strong>in</strong></span> <span class='ocrx_word' id='word_1_77' title='bbox 2114 2551 2331 2606; x_wconf 85' lang='lat' dir='ltr'><strong>compoto</strong></span> <span class='ocrx_word' id='word_1_78' title='bbox 2354 2560 2528 2605; x_wconf 86' lang='lat' dir='ltr'><strong>expen-</strong></span> 
     </span>
    </p>
   </div>
   <div class='ocr_carea' id='block_1_7' title="bbox 793 2654 1151 2716">
    <p class='ocr_par' dir='ltr' id='par_1_7' title="bbox 793 2654 1151 2716">
     <span class='ocr_line' id='line_1_11' title="bbox 793 2654 1151 2716; baseline 0 -15"><span class='ocrx_word' id='word_1_79' title='bbox 793 2654 948 2702; x_wconf 81' lang='lat' dir='ltr'><strong>sarum</strong></span> <span class='ocrx_word' id='word_1_80' title='bbox 967 2656 1151 2716; x_wconf 81' lang='lat' dir='ltr'><strong>argenti</strong></span> 
     </span>
    </p>
   </div>
   <div class='ocr_carea' id='block_1_8' title="bbox 794 2871 2533 3045">
    <p class='ocr_par' dir='ltr' id='par_1_8' title="bbox 794 2871 2533 3045">
     <span class='ocr_line' id='line_1_12' title="bbox 861 2871 2530 2936; baseline 0 -16"><span class='ocrx_word' id='word_1_81' title='bbox 861 2871 1079 2934; x_wconf 85' lang='lat' dir='ltr'><strong>Expense</strong></span> <span class='ocrx_word' id='word_1_82' title='bbox 1102 2871 1307 2935; x_wconf 86' lang='lat' dir='ltr'><strong>ejusdem</strong></span> <span class='ocrx_word' id='word_1_83' title='bbox 1359 2872 1417 2919; x_wconf 93' lang='lat' dir='ltr'><strong>In</strong></span> <span class='ocrx_word' id='word_1_84' title='bbox 1440 2875 1608 2934; x_wconf 85' lang='lat' dir='ltr'><strong>primis</strong></span> <span class='ocrx_word' id='word_1_85' title='bbox 1631 2876 1861 2922; x_wconf 81' lang='lat' dir='ltr'><strong>allocatur</strong></span> <span class='ocrx_word' id='word_1_86' title='bbox 1877 2876 2167 2936; x_wconf 85' lang='lat' dir='ltr'><strong>compotanti</strong></span> <span class='ocrx_word' id='word_1_87' title='bbox 2188 2889 2273 2936; x_wconf 88' lang='lat' dir='ltr'><strong>per</strong></span> <span class='ocrx_word' id='word_1_88' title='bbox 2289 2874 2530 2921; x_wconf 81' lang='lat' dir='ltr'><strong>liberacio-</strong></span> 
     </span>
     <span class='ocr_line' id='line_1_13' title="bbox 794 2981 2533 3045; baseline -0.001 -13"><span class='ocrx_word' id='word_1_89' title='bbox 794 2999 902 3032; x_wconf 89' lang='lat' dir='ltr'><strong>nem</strong></span> <span class='ocrx_word' id='word_1_90' title='bbox 926 2983 1101 3031; x_wconf 76' lang='lat' dir='ltr'><strong>factam</strong></span> <span class='ocrx_word' id='word_1_91' title='bbox 1118 2983 1310 3030; x_wconf 82' lang='lat' dir='ltr'><strong>verudis</strong></span> <span class='ocrx_word' id='word_1_92' title='bbox 1331 2998 1361 3031; x_wconf 83' lang='lat' dir='ltr'><strong>a</strong></span> <span class='ocrx_word' id='word_1_93' title='bbox 1382 2985 1644 3045; x_wconf 87' lang='lat' dir='ltr'><strong>penultimo</strong></span> <span class='ocrx_word' id='word_1_94' title='bbox 1661 2986 1736 3032; x_wconf 91' lang='lat' dir='ltr'><strong>die</strong></span> <span class='ocrx_word' id='word_1_95' title='bbox 1755 2981 1926 3033; x_wconf 78' lang='lat' dir='ltr'><strong>menfis</strong></span> <span class='ocrx_word' id='word_1_96' title='bbox 1946 2983 2131 3045; x_wconf 83' lang='lat' dir='ltr'><strong>Aprilis</strong></span> <span class='ocrx_word' id='word_1_97' title='bbox 2153 2986 2266 3032; x_wconf 83' lang='lat' dir='ltr'><strong>anni</strong></span> <span class='ocrx_word' id='word_1_98' title='bbox 2291 2990 2373 3031; x_wconf 57' lang='grc' dir='ltr'><strong>’ἐρ’</strong></span> <span class='ocrx_word' id='word_1_99' title='bbox 2390 2986 2437 3029; x_wconf 77' lang='lat' dir='ltr'><strong>v‘</strong></span> <span class='ocrx_word' id='word_1_100' title='bbox 2454 2985 2533 3031; x_wconf 91' lang='lat' dir='ltr'><strong>de-</strong></span> 
     </span>
    </p>
   </div>
  </div>
 </body>
</html>
