2964 3892
916 516 1040 560 PON
1042 516 1140 560 TIS
1168 516 1665 560 DUNKELDENSIS.
2071 524 2127 568 11
2137 525 2164 567 3

413 666 471 711 de
495 662 664 711 nostris
690 667 739 727 xj
767 669 800 712 3.
827 667 889 728 vij
916 663 961 712 d.
1019 665 1088 712 Et
1110 668 1340 712 allocatur
1366 667 1518 712 eidem
1549 680 1634 726 per
1664 665 1956 725 empcionem
1980 671 2027 711 et
2050 667 2161 712 duc-

414 778 594 822 tionem
620 778 677 822 de
700 778 974 839 octuaginta
996 792 1092 848 uno
1103 776 1326 838 'lapidum
1350 777 1609 823 muralium
1627 772 1691 822 lie
1700 772 1889 836 fhal3ie
1912 776 1977 837 vij
2004 779 2038 821 3.
2061 776 2094 837 ij
2117 773 2161 821 d.

415 885 485 931 Et
520 888 672 933 eidem
708 902 794 947 per
829 888 1118 947 empcionem
1156 887 1318 947 pabuli
1358 888 1418 933 ad
1459 888 1662 933 verudos
1695 887 1747 932 in
1781 887 2015 947 principio
2049 886 2162 932 anni

415 1004 495 1043 *tc0
515 1000 563 1043 v⁰
579 998 664 1059 xiij
690 993 780 1042 xxtj
799 1001 833 1042 3.
858 998 941 1058 viij
967 994 1012 1042 d.
1074 997 1143 1043 Et
1165 999 1315 1043 eidem
1339 1014 1424 1058 per
1446 999 1722 1059 empcionen
1746 999 1802 1044 de
1826 999 2073 1045 duodecim
2097 997 2161 1045 lie

395 1103 672 1165 sthailcillis
693 1106 760 1167 xij
786 1102 832 1151 d.
897 1105 967 1152 Et
989 1107 1218 1152 allocatur
1242 1107 1392 1152 eidem
1417 1123 1502 1167 per
1524 1108 1856 1154 liberacionem
1879 1107 2054 1154 factam
2077 1108 2110 1153 J
2111 1124 2160 1154 o-

412 1217 560 1263 hanni
585 1215 786 1261 Stewart
808 1216 893 1261 uni
917 1216 1197 1261 veredorum
1222 1216 1401 1275 capien.
1431 1231 1516 1275 per
1538 1231 1716 1262 annum
1746 1218 1959 1264 modium
1982 1217 2158 1264 ferrine

410 1327 462 1371 in
484 1323 747 1385 septimana
769 1331 817 1371 et
839 1326 1158 1387 quadraginta
1185 1323 1356 1372 solidos
1391 1327 1588 1387 pecunie
1611 1327 1662 1372 in
1684 1327 1859 1372 bonum
1886 1333 2157 1387 compotum

410 1435 536 1481 feodi
553 1451 638 1496 per
655 1442 843 1496 tempus
862 1437 1067 1496 compoti
1085 1437 1202 1499 xxxj
1226 1441 1260 1483 3.
1313 1436 1384 1484 Et
1400 1439 1630 1484 allocatur
1647 1438 1799 1484 eidem
1817 1453 1900 1498 per
1918 1438 2158 1485 liberacio-

408 1561 518 1591 nem
549 1545 724 1592 factam
757 1544 790 1590 J
791 1546 968 1592 ohanni
1000 1546 1102 1592 Fod
1136 1547 1272 1592 alteri
1304 1549 1585 1594 veredorum
1618 1562 1704 1608 per
1733 1553 1921 1607 tempus
1953 1549 2158 1607 compoti

408 1651 531 1700 xxxtj
557 1658 592 1700 3.
659 1654 728 1701 Et
760 1657 989 1702 allocatur
1020 1657 1171 1702 eidem
1201 1672 1286 1716 per
1316 1653 1628 1703 remiffionem
1659 1656 1833 1702 factam
1861 1671 1946 1716 per
1969 1671 2156 1717 compo-

408 1770 590 1811 tantem
612 1766 663 1810 in
686 1765 899 1811 favorem
922 1764 1081 1811 Dauid
1106 1765 1388 1827 Scrymgeor
1410 1766 1467 1811 de
1490 1765 1670 1811 Ferdill
1693 1767 1750 1811 de
1769 1764 1939 1811 debitis
1961 1780 2047 1825 per
2064 1765 2156 1810 Pa-

407 1875 599 1920 tricium
626 1875 738 1935 Hay
762 1875 819 1920 de
842 1873 1086 1936 Eschindy
1108 1881 1165 1921 ut
1194 1880 1326 1936 patet
1353 1891 1439 1935 per
1461 1876 1775 1936 quittanciam
1798 1874 1996 1921 Domini
2028 1875 2154 1920 dicto

407 1985 616 2032 Domino
647 1986 705 2031 de
736 1985 919 2031 Fardill
945 1985 1121 2032 factam
1144 1984 1372 2032 ostensam
1397 1984 1536 2046 super
1559 1991 1829 2045 compotum
1858 1985 1943 2046 xiij
1970 1985 2018 2030 li.
2044 1984 2091 2044 vj
2119 1988 2152 2029 3.

409 2096 492 2157 viij
518 2093 564 2142 d.
632 2095 703 2142 Et
725 2097 955 2142 allocatur
977 2097 1269 2156 compotanti
1293 2096 1351 2141 de
1372 2092 1735 2155 superexpositis
1759 2096 1810 2141 in
1833 2095 2003 2140 ultimo
2027 2109 2153 2140 com-

404 2212 518 2265 poto
535 2205 673 2251 officii
691 2203 762 2251 sui
780 2206 1034 2252 decanatus
1052 2206 1104 2251 ix
1120 2209 1155 2251 3.
1211 2204 1280 2251 Et
1298 2206 1529 2252 allocatur
1548 2206 1699 2251 eidem
1717 2220 1801 2266 per
1817 2205 2150 2251 liberacionem

403 2315 580 2362 factam
603 2314 811 2362 Domino
833 2330 918 2376 per
941 2320 1287 2375 compotantem
1312 2321 1368 2360 ut
1390 2320 1522 2375 patet
1543 2329 1630 2375 per
1651 2313 1932 2375 scripturam
1951 2313 2147 2359 Domini

403 2425 506 2486 ejus
530 2440 677 2471 manu
693 2423 1000 2486 subscriptam
1021 2423 1249 2471 ostensam
1267 2423 1405 2486 super
1422 2429 1693 2484 compotum
1710 2424 1796 2485 xlij
1823 2427 1857 2469 3.
1926 2422 1994 2469 Et
2010 2421 2145 2470 solut.

404 2531 543 2593 super
565 2531 752 2594 presens
770 2539 1047 2594 ,compotum
1070 2549 1155 2595 per
1178 2539 1527 2594 compotantem
1549 2504 1653 2594 xi'irij
1674 2535 1708 2578 3.
1734 2532 1780 2594 vj
1806 2529 1852 2578 d.
1945 2595 1949 2599 Β

735 2641 932 2687 Summa
966 2643 1180 2688 omnium
1215 2639 1520 2702 expensarum
1550 2641 1592 2703 j⁰
1626 2641 1778 2702 xxxiij
1815 2640 1865 2686 li.
1895 2611 1998 2702 xiiij
2026 2636 2068 2686 '3.
2099 2646 2146 2685 et

737 2752 906 2798 obulus
928 2750 998 2798 Et
1020 2749 1083 2798 fic
1105 2767 1222 2813 eque
1245 2766 1350 2797 cum
1377 2756 1688 2812 compotante.
