2964 3892
846 555 939 599 124
1227 546 1583 595 COMPOTUM
1611 545 1916 592 MAGISTRI
1946 544 2218 592 FABRICE

841 697 1181 759 quadratorum
1204 712 1234 744 a
1255 700 1370 744 11³⁰
1385 698 1461 744 die
1482 691 1651 743 menfis
1669 694 1838 757 Mercij
1858 695 1972 741 anni
1991 701 2071 741 'tc‘
2089 696 2137 740 v‘
2155 693 2325 740 decimi
2341 698 2503 755 quarti
2526 698 2575 742 in

842 803 1012 854 festum
1035 806 1194 854 Sancti
1213 806 1410 853 Mertini
1428 805 1643 867 proxime
1659 804 1881 851 futurum
1898 805 2137 851 continen.
2156 803 2578 866 quadrigintorum

841 917 1113 979 octuaginta
1139 930 1308 962 novem
1340 916 1514 975 pedum
1538 914 1806 962 mensuram
1831 915 2036 976 capienti
2059 929 2147 975 pro
2170 911 2421 976 cujussibet
2443 914 2577 974 pedis

838 1024 1053 1073 mensura
1077 1032 1171 1072 trae
1194 1026 1412 1072 denarios
1435 1026 1684 1072 extenden.
1703 1027 1754 1072 in
1778 1026 1980 1087 pecunia
2002 1026 2063 1072 ad
2087 1025 2135 1087 vj
2162 1026 2211 1071 li.
2230 1025 2263 1087 ij
2284 1028 2318 1070 ἔ.
2338 1025 2389 1087 iij
2409 1022 2454 1070 d.
2508 1023 2576 1071 Et

836 1136 986 1182 eidem
1021 1134 1232 1183 Roberto
1264 1150 1353 1197 pro
1385 1136 1512 1182 dicto
1545 1135 1628 1183 suo
1660 1135 1843 1183 famulo
1875 1137 2064 1183 noviter
2097 1136 2330 1182 conducto
2364 1136 2414 1181 in
2448 1136 2575 1181 dicto

833 1242 949 1292 festo
980 1244 1141 1292 Sancti
1174 1244 1372 1292 Mertini
1403 1246 1455 1292 in
1485 1246 1688 1292 eundem
1718 1246 1845 1292 diem
1868 1261 1994 1293 anno
2017 1247 2234 1293 revoluto
2258 1246 2464 1306 capienti
2488 1261 2573 1306 per

834 1370 1013 1402 annum
1043 1353 1122 1402 sex
1153 1356 1299 1402 libras
1332 1351 1456 1402 xxx‘*
1479 1359 1514 1401 ἔ.
1581 1354 1651 1402 Et
1680 1356 1911 1403 allocatur
1938 1357 2087 1403 eidem
2120 1370 2207 1417 per
2239 1355 2571 1403 liberacionem

833 1465 1005 1512 factam
1033 1464 1211 1512 Jacobo
1237 1464 1428 1526 Aysone
1455 1466 1540 1511 uni
1570 1462 1635 1511 lie
1655 1463 1876 1527 prenteis
1898 1467 1950 1512 in
1979 1467 2149 1527 pannis
2173 1472 2221 1512 et
2243 1466 2381 1513 feodo
2405 1481 2435 1512 a
2456 1463 2573 1511 festo

830 1574 991 1620 Sancti
1026 1572 1223 1620 Mei-tini
1258 1574 1371 1619 anni
1406 1579 1486 1619 '’cc“
1518 1576 1566 1619 v‘
1596 1574 1927 1635 decimiquarti
1962 1575 2013 1620 in
2046 1576 2250 1621 eundem
2284 1576 2411 1621 diem
2445 1591 2571 1622 anno

831 1682 1045 1728 revoluto
1068 1682 1246 1742 capien.
1269 1697 1355 1742 per
1377 1696 1557 1729 annum
1579 1683 1732 1745 xxxiij
1759 1686 1794 1730 ἔ.
1817 1654 1957 1746 ὶίἰῖᾶ.
1989 1690 2038 1730 et
2066 1684 2281 1730 modium
2311 1683 2491 1730 farrine
2519 1685 2571 1731 in

827 1790 1086 1851 septimana
1117 1791 1233 1852 xxvj
1260 1794 1295 1839 ἔ.
1318 1791 1402 1853 viij
1427 1788 1473 1838 d.
1542 1790 1611 1837 Et
1642 1792 1792 1839 eidem
1825 1807 1855 1839 a
1885 1793 2011 1840 dicto
2042 1790 2160 1839 festo
2183 1792 2346 1840 Sancti
2370 1792 2570 1839 Mertini

826 1903 938 1947 anni
970 1907 1049 1948 *tc*
1074 1902 1121 1948 ve
1144 1901 1470 1962 decimiquinti
1498 1901 1687 1948 noviter
1718 1903 1951 1949 conducto
1980 1903 2033 1949 in
2064 1904 2267 1950 eundem
2292 1904 2419 1950 diem
2442 1918 2569 1950 anno

826 2012 1040 2057 revoluto
1073 2011 1277 2070 capienti
1318 2025 1403 2071 per
1441 2026 1621 2058 annum
1661 2013 2012 2076 quinquaginta
2050 2012 2220 2061 solidos
2261 2021 2310 2062 et
2350 2016 2566 2063 modium

825 2120 1001 2168 farrine
1023 2121 1075 2167 in
1096 2117 1357 2180 septimana
1378 2134 1477 2168 xxv
1499 2124 1534 2167 ἔ.
1602 2119 1672 2168 Et
1694 2123 1925 2170 allocatur
1946 2125 2098 2171 eidem
2122 2140 2208 2185 per
2229 2126 2562 2171 liberacionem

823 2230 995 2277 factam
1018 2229 1052 2276 J
1052 2229 1229 2277 ohanni
1251 2228 1426 2292 Diykis
1449 2231 1587 2278 alteri
1609 2228 1675 2278 lie
1693 2229 1916 2295 prenteis
1936 2247 2023 2293 per
2044 2233 2170 2279 idem
2194 2239 2383 2294 tempus
2407 2240 2454 2281 et
2478 2249 2562 2295 per

822 2342 981 2388 omnia
1002 2345 1059 2387 ut
1080 2338 1289 2387 Aisoune
1311 2341 1345 2403 lj
1372 2343 1407 2387 ἔ.
1432 2341 1515 2404 viij
1542 2338 1587 2388 d.
1657 2340 1727 2389 Et
1760 2342 1992 2390 allocatur
2019 2343 2172 2390 eidem
2202 2358 2287 2404 per
2315 2344 2561 2391 liberacio-

820 2465 928 2496 nem
961 2449 1134 2497 factam
1169 2448 1379 2498 Patricio
1414 2450 1607 2499 Masone
1641 2452 1694 2499 in
1726 2452 1989 2500 mercedem
2021 2452 2092 2500 sui
2126 2453 2301 2500 laboris
2334 2455 2555 2501 undecim

821 2558 1004 2605 dierum
1049 2565 1258 2619 tempore
1302 2559 1608 2609 confectionis
1647 2560 1835 2610 secundi
1875 2578 2012 2609 arcus
2050 2563 2134 2626 xvj
2173 2567 2208 2610 ἔ.
2250 2564 2334 2626 viij
2374 2561 2421 2611 d.
2490 2564 2557 2611 Et

820 2667 1029 2715 Johanni
1052 2666 1244 2716 Masone
1266 2671 1317 2717 in
1341 2673 1602 2720 mercedem
1627 2673 1803 2722 laboris
1826 2672 1897 2721 sui
1920 2690 2007 2735 per
2036 2682 2244 2737 quatuor
2271 2674 2557 2737 septimanas

818 2778 982 2825 eodem
1005 2784 1216 2839 tempore
1238 2776 1313 2826 xlti
1332 2783 1365 2827 ἔ.
1416 2780 1486 2829 Et
1507 2782 1769 2831 Willielmo
1792 2784 2155 2847 Strathaquhyn
2177 2801 2264 2847 per
2287 2787 2413 2833 idem
2438 2793 2557 2833 tem-

819 2902 908 2948 pus
931 2903 1016 2949 per
1038 2903 1184 2935 unam
1201 2886 1506 2951 septimanam
1529 2894 1610 2956 viij
1631 2897 1667 2940 ἔ.
1714 2894 1784 2942 Et
1802 2894 2114 2942 M‘Lachlane
2139 2910 2226 2956 per
2247 2910 2394 2943 unam
2418 2893 2557 2956 septi·

817 3013 1005 3046 manam
1028 2999 1123 3072 viij·
1139 3003 1174 3047 ἓ.
1244 2997 1313 3046 Et
1334 2998 1566 3050 Duncano
1591 3003 1843 3065 Bonyman
1866 3018 1954 3066 pro
1982 3004 2195 3066 quinque
2217 3005 2385 3052 diebus
2410 3006 2493 3067 viij
2520 3010 2554 3052 ἔ.
