2964 3892
961 657 1187 702 PONTIS
1218 656 1710 701 DUNKELDENSIS.
2149 662 2211 710 93

460 805 676 851 denarios
710 811 758 852 et
791 821 846 852 eo
876 805 1088 867 presente
1123 814 1227 855 octo
1261 807 1478 853 denarios
1510 821 1619 852 cum
1652 804 1854 866 prandio
1884 803 2131 849 extenden.
2155 804 2205 850 in

459 916 662 974 pecunia
693 917 752 962 ad
784 917 835 978 iij
863 917 912 963 li.
936 918 1020 980 viij
1047 921 1080 963 3.
1150 917 1219 963 Et
1247 919 1477 964 allocatur
1505 917 1658 962 eidem
1688 916 1784 962 dat.
1814 914 1964 959 eidem
2000 911 2210 958 Johanni

459 1025 519 1070 ab
547 1026 717 1071 ultimo
749 1026 781 1071 J
783 1027 887 1072 unii
919 1027 970 1072 in
994 1028 1228 1072 decimum
1251 1025 1436 1074 sextum
1459 1023 1670 1088 Augusti
1701 1025 1753 1070 in
1776 1039 1902 1070 anno
1924 1023 2105 1069 domini
2129 1029 2207 1067 ἴε·

458 1136 506 1179 vc
528 1136 710 1181 decimo
743 1136 890 1181 tercio
917 1136 1094 1195 capien.
1125 1151 1210 1195 per
1240 1137 1364 1181 diem
1397 1134 1596 1182 sedecim
1619 1135 1838 1181 denarios
1862 1138 1910 1179 et
1933 1147 2206 1192 componen.

458 1258 606 1289 vnum
637 1259 725 1303 par
747 1250 963 1290 rotarum
988 1259 1042 1290 ac
1065 1245 1221 1290 dolan.
1244 1260 1332 1304 pro
1355 1245 1573 1304 pluribus
1596 1246 1728 1306 ligna
1750 1244 1882 1303 operi
1912 1248 2024 1302 apta
2046 1242 2146 1303 xlvj
2173 1245 2206 1286 3.

456 1353 525 1399 Et
548 1354 778 1399 allocatur
801 1354 952 1399 eidem
976 1368 1062 1413 per
1084 1353 1419 1399 liberacionem
1441 1353 1618 1399 factam
1642 1353 1674 1398 J
1676 1353 1854 1398 ohanni
1877 1352 2084 1412 Scharpe
2107 1367 2209 1399 car-

455 1462 671 1521 pentario
694 1462 906 1508 laboran.
931 1478 1040 1510 cum
1066 1462 1256 1509 Thoma
1279 1462 1488 1523 Wrycht
1511 1478 1540 1508 a
1562 1459 1787 1524 vigefimo
1809 1469 1981 1522 quarto
1997 1458 2206 1522 Augusti

455 1586 581 1617 anno
600 1578 679 1617 *tc*
700 1574 747 1617 v⁰
767 1572 887 1633 xijm⁰
904 1573 955 1618 in
973 1587 1073 1618 xxv
1091 1572 1383 1633 Septembris
1409 1570 1618 1634 ejusdem
1641 1572 1755 1618 anni
1779 1567 2005 1617 inclufive
2027 1571 2205 1629 capien.

456 1683 513 1727 de
543 1682 619 1726 die
651 1688 756 1727 octo
788 1682 1006 1728 denarios
1037 1689 1085 1728 et
1116 1683 1362 1729 extenden.
1388 1683 1450 1728 ad
1473 1683 1648 1743 viginti
1671 1687 1878 1741 quatuor
1900 1681 1999 1726 dies
2023 1680 2208 1726 mecha-

455 1793 584 1837 nicas
607 1792 659 1837 in
682 1792 881 1851 pecunia
908 1792 990 1853 xvj
1017 1795 1052 1838 3.
1120 1791 1190 1837 Et
1212 1793 1443 1838 allocatur
1465 1792 1619 1838 eidem
1641 1806 1726 1851 per
1749 1791 2040 1851 empcionem
2063 1790 2206 1836 unius

456 1901 595 1947 corde
617 1902 853 1947 continen.
878 1902 930 1948 in
952 1902 1159 1962 pondere
1182 1910 1374 1948 centum
1397 1902 1572 1963 viginti
1594 1915 1766 1947 novem
1789 1900 1935 1946 libras
1958 1900 2204 1946 extenden.

455 2011 505 2056 in
528 2010 728 2070 pecunia
749 2007 899 2072 grosse
923 2016 1109 2057 monete
1132 2012 1193 2058 ad
1216 2012 1465 2058 duodecim
1487 2009 1658 2057 solidos
1680 2016 1729 2057 et
1750 2011 1972 2056 undecim
1990 2011 2207 2056 denarios

455 2119 620 2165 facien.
639 2121 689 2166 in
715 2126 906 2166 moneta
928 2122 1066 2183 regni
1090 2120 1245 2167 Scotie
1267 2121 1352 2182 xlij
1380 2124 1414 2167 3.
1483 2120 1553 2169 Et
1576 2122 1805 2168 allocatur
1827 2121 1980 2167 eidem
2004 2121 2056 2165 in
2078 2134 2207 2179 emp-

455 2229 636 2274 cionem
671 2229 882 2289 qujnque
907 2230 1174 2276 celdrarum
1197 2230 1347 2275 trium
1369 2230 1605 2276 bollarum
1629 2236 1677 2276 et
1699 2231 1905 2276 duorum
1936 2230 2205 2275 modiorum

454 2337 713 2383 carbonum
736 2337 982 2384 fabrilium
1006 2353 1115 2384 cum
1138 2340 1283 2385 naulo
1307 2337 1523 2385 custuma
1551 2345 1600 2385 et
1632 2336 1697 2384 lie
1727 2336 1925 2399 uncqstis
1958 2339 2204 2385 extenden.

454 2448 514 2494 ad
532 2447 615 2509 viij
636 2448 687 2493 li.
702 2448 769 2510 xij
792 2452 826 2494 3.
841 2464 874 2494 x
891 2445 937 2493 d.
974 2447 1044 2495 Et
1061 2449 1294 2495 allocatur
1311 2450 1464 2495 eidem
1483 2465 1568 2510 per
1585 2450 1879 2510 empcionem
1897 2449 2048 2494 decim
2063 2449 2205 2494 cadu-

453 2559 610 2604 lorum
632 2572 720 2617 pro
743 2555 972 2619 gestando
995 2564 1208 2605 cemento
1231 2559 1456 2605 lathomis
1474 2559 1522 2620 vj
1544 2562 1578 2605 3.
1595 2559 1616 2620 j
1637 2555 1684 2604 d.
1718 2557 1788 2604 Et
1804 2559 2034 2604 allocatur
2051 2558 2204 2603 eidem

454 2671 505 2715 in
528 2666 592 2714 lie
614 2667 833 2732 caringis
856 2669 1115 2717 carbonum
1138 2687 1224 2733 per
1241 2678 1430 2733 tempus
1454 2672 1662 2732 compoti
1684 2671 1894 2717 Domino
1917 2668 2106 2717 absente
2130 2642 2199 2731 ioiij

454 2782 488 2823 3.
505 2778 551 2839 vj
569 2775 616 2824 d.
663 2778 732 2825 Et
750 2780 981 2827 allocatur
994 2781 1145 2826 eidem
1163 2796 1249 2841 per
1262 2780 1546 2827 solucionem
1560 2780 1736 2828 factam
1752 2778 2066 2826 servientibus
2080 2781 2203 2826 circa

453 2883 518 2932 lie
535 2883 755 2932 hulwark
777 2893 825 2934 et
847 2884 975 2949 Croy
996 2903 1085 2949 pro
1108 2890 1379 2936 municione
1402 2890 1657 2935 earundem
1681 2888 1848 2951 iij¹¹vij
1875 2889 1924 2934 li.
1949 2889 2047 2951 xvij
2074 2892 2108 2934 3.
2127 2860 2195 2950 iiij

435 2994 499 3042 d.
568 2997 638 3043 Et
667 2998 897 3045 allocatur
927 2998 1080 3044 eidem
1111 3013 1197 3058 per
1224 2998 1556 3045 liberacionem
1580 2998 1757 3045 factam
1778 2996 1913 3045 servo
1934 2997 2198 3044 Alexandri

439 3106 725 3161 ¹M⁶Dowale
749 3109 1035 3168 carpentarii
1059 3109 1118 3154 ad
1141 3107 1316 3169 septem
1343 3107 1628 3170 septimanas
1651 3123 1760 3155 cum
1785 3105 2016 3170 Magistro
2037 3106 2120 3154 suo
2144 3115 2198 3155 ut

1320 3230 1357 3264 N
