2964 3892
864 504 959 550 100
1229 499 1585 545 COMPOTUM
1613 500 1921 545 MAGISTRI
1950 500 2219 548 FABRICE

861 647 992 695 ordei
1015 653 1064 695 et
1084 647 1261 695 farrine
1290 664 1320 696 a
1352 647 1470 696 festo
1503 648 1664 696 Sancti
1689 649 1886 696 Mertini
1917 648 1967 695 in
1997 650 2169 710 hyeme
2199 650 2313 696 anni
2338 655 2417 697 'tc‘
2441 648 2598 714 v²xj¹¹¹³

859 758 912 805 in
933 758 1059 805 idem
1080 756 1251 805 festum
1277 758 1437 806 Sancti
1462 759 1659 805 Mertini
1678 758 1791 804 anni
1815 764 1895 805 ‘tc‘
1919 760 1968 806 vc
1989 759 2076 820 xiij
2114 760 2363 807 extenden.
2388 761 2449 808 ad
2478 762 2598 808 duos

858 882 1008 914 annos
1045 868 1249 927 demptis
1282 865 1551 929 hujusmodi
1580 867 1866 914 victualibus
1894 868 2007 930 quia
2041 869 2305 916 allocantur
2337 870 2599 931 grauiterio

858 978 909 1024 in
937 977 1220 1025 victualibus
1254 977 1411 1037 precio
1442 974 1693 1039 cujussibet
1726 979 1850 1025 bolle
1883 979 2091 1026 dimedia
2123 994 2277 1026 merce
2311 981 2362 1026 in
2397 980 2598 1040 pecunia

857 1087 1022 1148 xxxvij
1048 1087 1096 1131 li.
1121 1087 1167 1148 vj
1193 1086 1228 1132 ἔ.
1253 1086 1337 1148 viij
1363 1084 1409 1132 d.
1477 1086 1547 1134 Et
1577 1089 1808 1135 allocatur
1846 1090 1999 1135 eidem
2022 1104 2108 1150 per
2137 1089 2471 1136 liberacionem
2500 1089 2598 1136 fac-

853 1201 950 1241 tam
969 1193 1162 1241 Andree
1181 1194 1432 1256 Marlyone
1448 1196 1662 1244 lathomo
1683 1212 1792 1244 cum
1816 1196 1900 1245 suo
1922 1195 2056 1245 servo
2078 1214 2162 1259 per
2185 1214 2366 1245 annum
2390 1200 2594 1259 demptis

851 1304 1089 1365 aliquibus
1118 1304 1284 1352 diebus
1318 1320 1406 1366 pro
1428 1306 1603 1367 quibus
1637 1305 1878 1370 obligatur
1902 1308 2102 1355 totidem
2137 1308 2300 1355 labore
2323 1309 2444 1356 citra
2472 1310 2593 1355 duas

851 1415 1000 1461 bellas
1022 1414 1200 1461 sanine
1228 1412 1312 1462 fibi
1338 1417 1473 1463 datas
1507 1418 1627 1463 citra
1659 1417 1853 1465 feodum
1885 1419 2003 1481 xviij
2030 1420 2079 1465 li.
2103 1434 2135 1466 v
2157 1423 2192 1465 ἔ.
2259 1418 2330 1466 Et
2363 1421 2593 1467 allocatur

849 1526 999 1571 eidem
1022 1539 1108 1584 per
1124 1525 1456 1571 liberacionem
1469 1526 1645 1572 factam
1663 1526 1697 1571 J
1697 1526 1875 1574 ohanni
1888 1526 2082 1575 Andree
2099 1529 2311 1576 lathomo
2335 1536 2592 1591 antequam

844 1748 1019 1789 extunc
1036 1758 1066 1789 a
1080 1741 1197 1790 festo
1220 1744 1451 1791 Omnium
1474 1743 1757 1793 Sanctorum
1778 1747 1892 1793 anni
1911 1754 1991 1794 ze*
2009 1750 2057 1794 vc
2070 1744 2163 1810 xjm'
2183 1748 2234 1794 in
2256 1749 2384 1796 idem
2401 1746 2577 1795 festum

844 1865 969 1898 anno
990 1854 1206 1900 revoluto
1219 1854 1270 1899 in
1292 1855 1554 1901 mercedem
1569 1855 1745 1902 laboris
1758 1857 1854 1903 xli.
1887 1855 1958 1903 Et
1980 1858 2132 1904 eidem
2155 1873 2244 1918 pro
2260 1873 2386 1905 anno
2399 1859 2587 1921 integro

844 1976 968 2016 anno
991 1967 1165 2009 extunc
1187 1963 1457 2010 immediate
1480 1962 1664 2026 sequen.
1688 1967 1965 2027 complendo
1982 1968 2034 2014 in
2050 1965 2169 2014 festo
2192 1967 2353 2015 Sancti
2373 1968 2575 2016 Mertini

843 2072 956 2117 anni
980 2077 1059 2118 ‘tc‘
1083 2074 1131 2118 vc
1151 2073 1237 2134 xiij
1262 2074 1328 2135 xij
1354 2074 1404 2119 li.
1474 2073 1543 2121 Et
1567 2076 1799 2122 allocatur
1831 2078 1982 2124 eidem
2016 2093 2101 2137 per
2123 2078 2455 2126 liberacionem
2478 2079 2576 2125 fac-

842 2187 941 2227 tam
956 2179 990 2226 J
990 2181 1135 2228 acobo
1156 2179 1347 2243 Aysone
1369 2179 1434 2229 lie
1450 2181 1668 2247 prenteis
1689 2185 1741 2232 in
1762 2186 1933 2246 pannis
1957 2185 2095 2232 feodo
2119 2193 2167 2233 et
2189 2188 2295 2234 aliis
2318 2185 2582 2235 necessariis

840 2303 895 2335 ac
926 2304 1015 2350 pro
1042 2305 1208 2337 eorum
1237 2289 1548 2339 instructione
1576 2294 1628 2339 in
1654 2299 1757 2342 arte
1786 2310 1817 2341 a
1845 2295 2027 2342 decimo
2058 2302 2225 2343 octavo
2253 2294 2423 2344 mensls
2459 2297 2578 2360 Maij

841 2400 953 2446 anni
977 2406 1057 2446 *tc*
1082 2402 1131 2447 v‘
1144 2402 1383 2448 undecimi
1405 2402 1457 2449 in
1474 2402 1676 2450 Anmun
1689 2403 1886 2452 Domini
1905 2411 1985 2452 ‘tc‘
2003 2409 2051 2453 ve
2072 2407 2159 2469 xiij
2186 2413 2234 2454 et
2255 2405 2428 2454 festum
2453 2408 2583 2454 Mer·

841 2510 930 2556 tini
959 2510 1011 2555 in
1031 2509 1200 2571 hyeme
1222 2510 1429 2572 ejusdem
1453 2515 1567 2560 anni
1590 2515 1769 2575 capien.
1802 2530 1889 2577 per
1910 2531 2089 2563 annum
2114 2518 2174 2563 ad
2198 2532 2381 2578 pannos
2405 2519 2578 2580 viginti

840 2616 1009 2664 solidos
1026 2618 1077 2664 in
1099 2619 1212 2666 totis
1235 2618 1446 2680 expenfis
1468 2637 1554 2683 per
1575 2623 1757 2671 dictum
1780 2630 1967 2686 tempus
1990 2626 2042 2687 iij
2068 2626 2117 2672 li.
2143 2597 2212 2688 iioi}
2239 2630 2274 2673 ἔ.
2297 2598 2368 2689 ffij
2393 2624 2440 2672 d.
2508 2626 2577 2674 Et

838 2728 1068 2774 allocatur
1103 2729 1253 2775 eidem
1291 2744 1376 2790 per
1410 2731 1741 2781 liberacionem
1771 2734 1946 2781 factam
1979 2734 2012 2780 J
2013 2735 2191 2782 ohanni
2226 2735 2400 2796 Diykis
2434 2738 2572 2783 alteri

838 2834 903 2883 lie
916 2835 1145 2899 prenteis
1166 2839 1371 2899 capienti
1401 2841 1451 2886 in
1475 2857 1599 2889 anno
1621 2849 1678 2890 ut
1699 2842 1925 2906 Aysoune
1947 2845 2068 2892 citra
2090 2844 2296 2891 firlotam
2318 2844 2495 2892 fen-ine
2525 2848 2575 2892 in

836 2946 973 2994 feodo
993 2945 1077 2995 suo
1102 2963 1132 2995 a
1155 2948 1326 3009 quinto
1346 2947 1556 3012 Augusti
1579 2953 1693 3000 anni
1718 2960 1798 3001 ‘tc‘
1818 2956 1866 3001 v‘
1888 2953 1940 3014 xj
1965 2953 2017 3001 in
2039 2954 2166 3000 diem
2189 2952 2351 3001 Sancti
2375 2954 2573 3003 Mertini
