2918 3900
1615 561 1672 599 VI

787 711 941 753 torum
972 711 1199 751 servatus.
1267 703 1494 766 Ejusdem
1525 703 1631 749 libri
1663 704 1845 764 primus
1879 716 2118 763 possessor
2148 702 2295 748 fuisse
2318 703 2507 749 videtur

785 835 992 882 Thomas
1026 835 1171 897 Greig
1201 835 1534 896 prebendarius
1569 835 1627 880 de
1656 832 1821 880 Alicht
1854 834 2103 879 dioeceseos
2137 832 2503 889 Dunkeldensis,

783 981 922 1028 quem
939 968 989 1013 in
1006 966 1093 1013 hoc
1115 966 1234 1012 libro
1255 981 1364 1012 cum
1386 967 1524 1011 laude
1547 970 1880 1012 commemorat
1903 970 2067 1010 auctor
2089 971 2262 1010 noster.
2319 964 2502 1010 Deinde

781 1100 831 1145 in
847 1112 1013 1144 manus
1030 1098 1243 1157 pervenit
1261 1096 1455 1143 Domini
1473 1096 1694 1142 Gulielmi
1712 1095 1913 1142 Sinclair
1934 1096 1992 1141 de
2016 1095 2197 1149 Roslin,
2218 1096 2403 1150 Militis,
2418 1097 2499 1156 qui

781 1230 952 1274 multos
968 1228 1128 1289 magni
1148 1227 1285 1286 pretii
1303 1226 1447 1272 libros
1465 1227 1630 1287 coegit,
1647 1241 1848 1287 quorum
1866 1228 2106 1272 nonnullis
2124 1226 2407 1273 bibliotheca
2421 1229 2501 1274 illa

780 1361 1111 1406 advocatorum
1142 1358 1291 1404 ditata
1320 1364 1403 1403 est.
1471 1357 1630 1403 Codex
1659 1358 1759 1418 ipse
1789 1358 2034 1404 minimam
2057 1360 2384 1405 auctoritatem
2409 1361 2497 1406 sibi

781 1497 983 1552 arrogat,
1011 1495 1184 1549 praeter
1210 1490 1456 1548 scripturae
1483 1495 1673 1535 aetatem
1698 1491 1877 1536 auctori
1901 1491 2145 1550 aequalem.
2213 1490 2497 1551 Quanquam

778 1627 969 1667 ornatus
987 1635 1080 1665 non
1104 1621 1405 1680 ineleganter,
1428 1625 1647 1666 exaratus
1669 1629 1828 1666 tamen
1851 1635 1951 1666 esse
1969 1622 2159 1667 videtur
2181 1637 2210 1667 a
2232 1622 2398 1677 scriba,
2422 1626 2496 1670 vel

777 1752 953 1813 linguae
971 1750 1157 1796 Latinae
1175 1750 1406 1809 imperito,
1425 1751 1499 1795 vel
1516 1751 1930 1812 negligentissimo.
1982 1750 2091 1798 Non
2111 1754 2237 1798 aliud
2257 1756 2496 1815 exemplar

779 1881 949 1928 Latine
986 1887 1169 1926 exstare
1207 1881 1412 1926 creditur
1436 1893 1447 1925 :
1496 1882 1812 1927 traductiones
1851 1883 2031 1942 aliquot
2071 1882 2276 1945 Anglice
2316 1885 2439 1931 M.S.
2449 1886 2494 1932 S.

778 2005 1026 2058 occurrunt
1044 2009 1260 2071 (quarum
1284 2025 1378 2056 una
1402 2011 1525 2056 inter
1547 2017 1651 2057 acta
1672 2012 1906 2058 societatis
1929 2014 2305 2073 antiquariorum
2327 2016 2493 2063 Perth-

779 2144 901 2189 ensis
923 2143 1062 2188 modo
1088 2142 1137 2187 in
1168 2143 1318 2187 lucem
1350 2142 1497 2201 exiit).
1526 2156 1686 2188 omnes
1719 2149 1877 2188 tamen
1912 2145 2095 2189 minimi
2130 2147 2285 2204 pretii,
2312 2162 2370 2192 ex
2404 2149 2492 2195 hoc

775 2273 944 2318 vitioso
974 2272 1227 2331 exemplari
1262 2271 1388 2317 haud
1419 2271 1563 2318 dubie
1590 2272 1850 2333 descriptae,
1882 2275 2077 2335 ejusque
2110 2279 2303 2325 mendas
2331 2295 2491 2327 omnes

773 2417 963 2462 prorsus
986 2409 1324 2448 conservantes.

835 2535 891 2582 In
906 2536 993 2581 hac
1006 2537 1268 2581 recensione
1284 2543 1439 2583 errata
1452 2539 1669 2598 quaedam
1685 2541 1856 2599 prioris
1870 2543 2191 2598 emendantur,
2206 2547 2489 2604 paucissima

773 2682 831 2714 ex
849 2667 1113 2728 conjectura
1129 2673 1388 2714 mutantur.
1439 2669 1534 2715 Ubi
1558 2671 1616 2716 de
1638 2686 1777 2717 sensu
1800 2675 2004 2719 auctoris
2027 2674 2154 2720 haud
2177 2677 2358 2736 liquido
2379 2694 2487 2725 con-

770 2796 939 2850 stabat,
962 2798 1063 2856 ipsa
1087 2797 1228 2842 verba
1255 2798 1504 2859 literasque
1531 2803 1838 2862 manuscripti
1862 2803 1974 2849 dare
1995 2805 2187 2864 placuit,
2211 2822 2482 2868 quanquam
