2964 3892
972 519 1199 566 PONTIS
1229 520 1719 566 DUNKELDENSIS.
2131 530 2225 579 137

476 670 650 717 factam
686 671 898 718 Roberto
932 670 1147 733 Merl3on
1180 673 1232 718 in
1264 672 1528 718 mercedem
1557 670 1735 718 laboris
1765 669 1836 717 sui
1867 687 1898 718 a
1918 669 2037 718 festo
2059 671 2221 719 Sancti

477 780 676 828 Mertini
707 783 758 827 in
789 797 914 828 anno
940 788 1019 829 *tc*²
1044 783 1094 827 vc
1115 783 1466 843 decimoquinto
1488 782 1542 828 in
1564 783 1766 828 eundem
1790 782 1914 827 diem
1939 796 2065 828 anno
2086 796 2220 828 revo-

474 893 577 938 luto
600 893 804 952 capienti
823 908 908 953 per
931 908 1110 939 annum
1135 894 1391 939 octodecim
1416 893 1562 939 libras
1586 891 1821 939 trisdecim
1846 889 2016 938 solidos
2040 899 2088 937 et
2104 906 2221 951 qua-

473 1007 584 1048 tuor
597 1003 814 1048 denarios
829 1009 973 1062 prout
989 1003 1042 1048 in
1055 1004 1227 1049 ultimo
1245 1009 1462 1063 compoto
1479 1003 1794 1063 compotantis
1809 1002 1997 1048 reddito
2010 1008 2066 1049 ut
2078 1000 2221 1062 supra

472 1126 557 1171 per
580 1117 768 1173 tempus
792 1114 999 1173 compoti
1066 1112 1136 1158 Et
1159 1128 1247 1172 pro
1269 1111 1402 1159 servo
1424 1112 1506 1159 suo
1530 1113 1562 1158 J
1564 1114 1749 1159 ohanne
1773 1112 2147 1175 Cunnynghaim
2168 1114 2222 1159 in

470 1223 733 1268 mercedem
754 1222 930 1268 laboris
953 1221 1024 1268 sui
1048 1222 1281 1268 conducto
1305 1228 1473 1268 octavo
1497 1223 1572 1267 die
1595 1220 1765 1268 menfis
1784 1222 2004 1269 Octobris
2022 1223 2075 1268 in
2093 1237 2219 1268 anno

472 1339 550 1377 'tc‘
568 1334 616 1377 v⁰
628 1331 726 1377 xvt⁰
743 1333 795 1377 in
812 1333 1015 1378 eundem
1033 1333 1159 1377 diem
1184 1347 1309 1377 anno
1331 1333 1549 1378 revoluto
1571 1346 1659 1391 pro
1681 1347 1777 1391 quo
1800 1333 1954 1378 dictus
1978 1332 2218 1378 Robertus

470 1439 538 1488 est
561 1443 784 1488 actitatus
807 1443 1012 1503 capienti
1035 1457 1121 1502 per
1143 1457 1324 1488 annum
1348 1442 1595 1488 duodecim
1618 1441 1765 1487 libras
1787 1439 2025 1487 trisdecim
2047 1440 2217 1487 solidos

470 1559 519 1599 et
541 1557 646 1599 octo
669 1553 887 1599 denarios
955 1551 1025 1598 Et
1058 1567 1145 1612 pro
1179 1550 1262 1597 suo
1295 1551 1476 1597 famulo
1511 1550 1671 1597 Alano
1705 1552 1937 1597 conducto
1971 1556 2028 1597 ut
2061 1551 2215 1598 dictus

467 1663 708 1709 Robertus
740 1663 945 1723 capienti
977 1677 1062 1723 per
1093 1677 1273 1708 annum
1304 1663 1368 1707 in'
1387 1662 1649 1707 mercedem
1676 1661 1850 1707 laboris
1873 1659 1945 1707 sui
1967 1659 2047 1707 sex
2068 1661 2215 1708 libras

466 1773 714 1819 extenden.
738 1773 788 1817 in
817 1772 955 1818 totali
986 1772 1187 1832 pecunia
1210 1769 1382 1817 eisdem
1406 1771 1666 1817 deliberata
1687 1786 1773 1831 per
1796 1777 1984 1831 tempus
2009 1772 2215 1831 compoti

463 1881 581 1943 xxiij
608 1882 657 1927 li.
682 1881 733 1942 iij
761 1884 795 1926 ἔ.
819 1851 888 1942 i‘i'lj
915 1877 962 1927 d.
1029 1879 1101 1926 Et
1123 1881 1353 1926 allocatur
1376 1880 1530 1925 eidem
1553 1880 1606 1926 in
1630 1894 1839 1926 errorem
1864 1881 2031 1926 calculi
2054 1880 2214 1926 ultimi

462 1990 533 2037 sui
557 1992 764 2051 compoti
787 1991 962 2036 redditi
983 1996 1039 2036 ut
1069 1988 1212 2050 supra
1239 1995 1295 2036 ut
1324 1995 1456 2050 patet
1483 1990 1536 2035 in
1562 1990 1680 2050 pede
1709 1990 1855 2050 primi
1883 1989 2046 2035 lateris
2076 1990 2211 2050 tercij

461 2102 561 2163 folij
605 2100 914 2162 expensarum
953 2115 1040 2160 per
1078 2099 1413 2145 liberacionem
1445 2098 1622 2145 factam
1656 2099 1783 2145 dicto
1818 2098 2031 2146 Roberto
2068 2098 2215 2144 Merl-

459 2225 548 2271 3on
581 2212 813 2257 conducto
848 2211 901 2255 in
935 2206 1054 2255 festo
1091 2208 1254 2255 Sancti
1291 2208 1492 2255 Mertini
1530 2176 1646 2255 anni
1681 2215 1762 2256 *tc*
1797 2211 1846 2254 νε
1879 2209 2211 2268 decimiquarti

459 2324 510 2368 in
549 2323 753 2369 eundem
792 2322 918 2367 diem
958 2335 1085 2366 anno
1124 2320 1341 2365 revoluto
1382 2318 1587 2378 capienti
1627 2334 1714 2379 per
1755 2333 1934 2364 annum
1975 2316 2212 2364 trisdecim

458 2431 604 2478 libras
627 2430 707 2477 sex
728 2431 897 2477 solidos
923 2435 971 2476 et
994 2434 1100 2475 octo
1123 2428 1340 2474 denarios
1364 2442 1419 2473 ac
1441 2432 1547 2473 octo
1577 2427 1727 2474 bollas
1758 2427 1937 2474 fari-ine
1961 2442 2049 2487 pro
2072 2428 2211 2488 quin-

458 2541 691 2602 quaginta
716 2540 872 2586 tribus
901 2538 1061 2585 solidis
1092 2543 1140 2584 et
1170 2542 1377 2599 quatuor
1399 2537 1606 2584 denariis
1632 2537 1718 2584 ubi
1748 2542 1936 2584 tantum
1963 2542 2067 2583 octo
2090 2536 2211 2582 libre

458 2659 506 2698 et
539 2657 645 2698 octo
681 2651 863 2696 denarii
899 2649 1191 2709 compotanti
1220 2649 1272 2694 in
1303 2648 1430 2693 dicto
1467 2652 1687 2707 compoto
1727 2648 1992 2693 allocantur
2027 2643 2107 2691 sed
2144 2646 2211 2691 al-

456 2764 725 2808 locarentur
748 2759 1038 2820 compotanti
1060 2772 1234 2804 novem
1255 2757 1375 2803 libre
1398 2762 1446 2803 et
1467 2754 1547 2803 sex
1568 2754 1702 2803 solidi
1719 2754 1788 2815 (ix
1810 2757 1861 2801 li.
1885 2757 1935 2803 vi
1958 2756 2012 2817 ἔ.)
2049 2754 2117 2801 Et
2136 2769 2209 2800 re-

455 2874 584 2934 lique
618 2878 826 2933 quatuor
857 2869 978 2917 libre
1015 2875 1063 2916 et
1097 2874 1203 2915 octo
1243 2868 1428 2913 denarii
1458 2867 1510 2913 in
1540 2867 1901 2927 completionem
1935 2862 2208 2927 hujusmodi

454 2983 580 3031 feodi
596 2981 847 3030 solvuntur
869 2981 956 3043 per'
968 2981 1218 3028 dominum
1235 2979 1480 3026 officialem
1499 2982 1547 3024 et
1569 2976 1934 3037 prebendarium
1955 2975 2014 3020 de
2027 2972 2205 3034 Alytht
