2964 3892
895 526 1021 571 PON
1023 525 1120 572 TIS
1151 525 1646 571 DUNKELDENSIS.
2056 532 2148 578 121

396 683 472 725 tro
494 676 609 747 ferri
633 677 717 739 viij
739 674 786 724 d.
810 683 859 726 et
880 677 1169 725 correctione
1191 678 1336 725 unius
1354 674 1419 724 lie
1438 674 1659 740 gavillok
1680 677 1714 739 ij
1735 674 1781 723 d.
1827 676 1898 724 Et
1920 677 2073 724 eidem
2096 684 2150 725 in

394 787 672 835 fractionem
696 793 744 835 et
762 787 1104 836 confectionem
1122 786 1367 851 sexaginta
1383 785 1537 835 decim
1553 785 1842 835 frustrorum
1862 787 1978 833 ferri
1993 787 2044 833 in
2057 787 2152 834 fer-

396 899 461 946 ris
483 903 700 945 rotarum
724 899 785 944 ad
807 913 958 945 novas
980 903 1117 945 rotas
1134 898 1468 946 confectarum·
1484 898 1664 960 capien.
1687 913 1776 959 pro
1795 898 2009 960 quolibet
2032 896 2154 945 frus-

397 1017 472 1055 tro
497 1014 553 1055 ut
576 1007 717 1069 supra
740 1009 989 1056 extenden.
1008 1010 1060 1055 in
1082 1010 1284 1070 pecunia
1306 1010 1368 1056 ad
1384 1010 1486 1072 xlvj
1513 1014 1547 1056 5.
1572 1010 1656 1072 viij
1685 1006 1731 1056 d.
1801 1009 1871 1057 Et
1893 1010 2046 1056 eidem
2064 1025 2154 1071 pro

395 1120 686 1167 confectione
710 1119 960 1165 duodecim
983 1115 1048 1164 lie
1079 1116 1379 1165 dowlbandis
1399 1125 1448 1166 et
1481 1126 1720 1167 certorum
1755 1122 2000 1167 clavorum
2023 1126 2153 1168 rota·

395 1243 505 1275 rum
528 1228 562 1290 ij
589 1231 624 1273 5.
647 1228 681 1289 ij
707 1224 754 1272 d.
812 1226 882 1274 Et
904 1228 1056 1275 eidem
1080 1242 1168 1288 pro
1191 1229 1478 1274 correctione
1492 1227 1730 1276 serrorum
1752 1244 1987 1290 equorum
2016 1201 2088 1292 isi}
2114 1234 2150 1277 5.

394 1335 464 1382 Et
497 1336 651 1382 eidem
685 1350 774 1396 pro
808 1336 1028 1383 acutione
1067 1336 1306 1384 serrorum
1342 1333 1407 1384 lie
1441 1334 1664 1400 prenteis
1699 1353 1784 1398 per
1813 1310 2086 1401 annum'ii‘le
2115 1342 2150 1385 5.

396 1445 465 1492 Et
489 1446 641 1493 eidem
675 1461 764 1506 pro
788 1446 1080 1493 confectione
1117 1452 1356 1494 certorum
1379 1447 1619 1494 ferrorum
1653 1448 1944 1494 tribulorum
1968 1454 2016 1495 et
2038 1463 2157 1495 van-

394 1573 567 1621 garum
601 1573 686 1619 per
720 1563 910 1617 tempus
944 1558 1151 1617 compoti
1185 1553 1276 1604 xx‘³
1305 1555 1351 1604 d.
1433 1557 1504 1604 Et
1536 1573 1625 1619 pro
1657 1555 1958 1618 impositione
1994 1560 2151 1606 decim

395 1666 460 1714 lie
494 1665 682 1728 busthis
715 1667 768 1729 iij
807 1671 841 1715 5.
911 1666 982 1714 Et
1022 1668 1074 1714 in
1114 1667 1352 1715 bibalibus
1389 1669 1449 1715 ad
1482 1665 1660 1715 frustra
1690 1669 1904 1728 predicta
1926 1669 1960 1731 ij
1988 1673 2023 1715 5.
2047 1685 2082 1716 x
2103 1667 2149 1716 d.

396 1779 466 1825 Et
500 1780 730 1826 allocatur
764 1779 916 1825 eidem
950 1793 1035 1839 per
1067 1779 1403 1826 liberacionem
1442 1778 1619 1825 factam
1647 1777 1913 1839 M⁰Canray
1941 1780 2154 1841 garcioni

396 1886 529 1936 miffo
547 1890 608 1935 ad
631 1889 804 1936 Pertht
827 1904 915 1950 pro
939 1889 1150 1937 Patricio
1175 1888 1370 1937 Masone
1392 1889 1594 1936 lathimo
1619 1889 1686 1951 vij
1711 1886 1758 1935 d.
1827 1887 1898 1936 Et
1922 1891 2154 1937 allocatur

397 2000 550 2047 eidem
585 2015 671 2061 per
704 2000 1038 2047 liberacionem
1071 2000 1248 2048 factam
1272 2001 1466 2048 verudis
1489 2001 1538 2046 in
1563 2001 1781 2062 gramine
1809 2006 2024 2061 tempore
2047 1999 2155 2048 esti-

398 2111 494 2157 vali
517 2110 553 2172 ij
579 2114 613 2156 5.
639 2111 722 2172 viij
750 2108 796 2156 d.
864 2110 934 2157 Et
974 2111 1027 2157 in
1050 2111 1346 2171 empcionem
1373 2111 1519 2157 unius
1550 2106 1614 2156 lie
1640 2106 1861 2172 gavillok
1891 2125 1921 2156 a
1943 2110 2155 2158 Patricio

395 2220 570 2283 Eruyn
593 2221 708 2268 ferri
733 2236 765 2268 v
788 2225 823 2268 5.
891 2220 962 2268 Et
985 2222 1216 2268 allocatur
1247 2222 1402 2269 eidem
1435 2222 1488 2268 in
1522 2222 1816 2282 empcionem
1846 2227 2055 2283 quatuor
2088 2221 2154 2269 lie

401 2329 571 2393 hamys
594 2331 715 2393 varij
753 2331 898 2394 precij
933 2331 1000 2393 xij
1027 2328 1074 2378 d.
1142 2330 1213 2378 Et
1251 2333 1482 2379 allocatur
1515 2332 1668 2378 eidem
1703 2347 1788 2392 per
1821 2332 2155 2379 liberacionem

398 2442 573 2489 factam
598 2442 841 2502 Stephano
864 2440 1103 2504 Lindesay
1125 2457 1213 2503 pro
1239 2441 1520 2503 implecione
1542 2438 1606 2489 lie
1634 2438 1862 2503 Zandstail
1892 2457 1952 2488 ex
1984 2443 2155 2503 lapidi-

400 2555 490 2602 bus
514 2559 563 2601 et
595 2555 792 2614 pulvere
815 2554 899 2601 xix
923 2557 958 2601 5.
1027 2554 1097 2601 Et
1131 2555 1362 2602 allocatur
1396 2554 1549 2600 eidem
1582 2569 1668 2614 per
1696 2554 2030 2601 liberacionem
2058 2554 2155 2601 fac-

401 2671 498 2710 tam
524 2663 787 2711 Willielmo
804 2663 837 2710 J
838 2662 1045 2711 ohnsone
1067 2650 1270 2713 lathimo
1286 2666 1339 2712 in
1361 2665 1622 2712 mercedem
1646 2663 1821 2712 laboris
1843 2662 1916 2711 sui
1933 2641 2152 2712 existenti

399 2776 452 2821 in
487 2775 699 2849 querella
730 2780 788 2821 ut
820 2775 1024 2850 lapicida
1050 2790 1080 2821 a
1113 2776 1296 2823 decimo
1329 2781 1498 2823 octavo
1532 2776 1608 2823 die
1635 2773 1806 2823 menfis
1830 2775 2001 2839 Marcij
2029 2791 2154 2823 anno

402 2892 481 2932 ..w
505 2886 554 2931 vc
575 2881 715 2946 xiiij‘0
736 2885 789 2931 in
810 2881 1018 2947 xxiiijtum
1040 2883 1248 2947 ejusdem
1273 2882 1444 2935 mensis
1466 2883 1694 2934 inclufive
1718 2887 1783 2950 vij
1805 2890 1840 2933 5.
1907 2885 1977 2932 Et
1999 2886 2151 2932 eidem

399 2993 663 3042 Willielmo
689 2995 809 3045 xxix
843 2992 1050 3057 ejusdem
1084 2992 1259 3047 menfis
1290 2995 1462 3058 Marcij
1496 2997 1547 3044 in
1580 2998 1844 3044 mercedem
1877 2995 2053 3043 laboris
2075 2994 2146 3043 sui
