2964 3892
755 562 848 608 188
1123 551 1477 599 COMPOTUM
1504 547 1805 595 MAGISTRI
1832 547 2097 593 FABRICE

758 698 902 766 prout
921 704 973 750 in
994 703 1249 749 earundem
1271 700 1498 761 compotis
1521 698 1790 744 immediate
1812 696 2051 756 preteritis
2074 700 2269 741 cavetur
2334 695 2404 744 Et
2420 700 2489 744 al-

758 817 940 861 locatur
965 812 1115 859 eidem
1150 826 1234 871 per
1262 809 1589 856 liberacionem
1611 806 1783 853 factam
1807 804 1842 851 J
1842 805 2019 852 ohanni
2044 804 2257 866 Merl3on
2287 805 2488 854 lathimo

760 938 844 983 per
864 929 1049 982 tempus
1071 919 1274 978 compoti
1297 917 1500 977 capienti
1523 922 1666 977 prout
1679 916 1730 961 in
1753 915 1909 976 priore
1932 919 2151 974 compoto
2174 915 2489 974 compotantis

759 1003 827 1091 i‘i‘ij
852 1030 901 1075 li.
922 1043 955 1074 x
978 1030 1012 1072 ἔ.
1047 1026 1114 1072 Et
1136 1040 1220 1086 per
1242 1024 1571 1071 liberacionem
1587 1023 1762 1071 factam
1779 1022 1812 1068 J
1814 1023 1990 1070 ohanni
2014 1020 2264 1068 Anderson
2287 1021 2489 1068 lathimo

757 1152 862 1183 cum
886 1135 966 1182 suo
991 1134 1124 1181 servo
1152 1134 1316 1181 Powte
1346 1133 1407 1181 ab
1435 1141 1602 1180 octavo
1632 1134 1708 1180 die
1738 1129 1906 1179 menfis
1937 1132 2158 1179 Octobris
2187 1147 2312 1178 anno
2337 1138 2416 1178 *tc*
2443 1134 2489 1177 ve

755 1246 1100 1306 decimoquinto
1123 1245 1172 1290 in
1195 1244 1397 1291 eundem
1419 1244 1544 1290 diem
1578 1258 1703 1290 anno
1726 1244 1942 1290 revoluto
1964 1243 2169 1303 capienti
2204 1257 2288 1302 per
2309 1257 2488 1289 annum

756 1358 806 1402 in
828 1354 907 1402 sue
930 1356 1155 1402 mercedis
1179 1354 1387 1401 laborem
1410 1360 1458 1400 et
1479 1351 1601 1399 servi
1618 1351 1689 1399 sui
1713 1352 1878 1399 Powte
1895 1353 1979 1413 qui
2002 1348 2182 1398 recessit
2205 1352 2266 1398 ab
2283 1367 2422 1412 opere
2440 1353 2490 1398 in

695 1444 699 1446 ’
756 1462 872 1512 festn
895 1463 1054 1510 Sancti
1077 1463 1310 1509 ,Iohannis
1328 1459 1542 1523 Baptistt²
1563 1463 1831 1508 nativitatis
1854 1462 2237 1524 vigintiquatuor
2259 1462 2340 1509 lib.
2364 1463 2415 1524 xj
2442 1463 2489 1508 li.

758 1573 808 1633 iij
841 1575 875 1616 ς.
904 1544 974 1631 iiij
998 1568 1044 1617 d.
1113 1569 1180 1615 Et
1208 1570 1359 1615 eidem
1386 1568 1598 1615 ,iohanni
1627 1569 1678 1614 in
1707 1569 1972 1628 inceptione
2001 1570 2116 1615 novi
2143 1568 2269 1615 feodi
2299 1567 2371 1616 sui
2408 1585 2491 1616 an-

754 1680 835 1725 nui
859 1650 927 1739 ὶίἶῇ
954 1679 1002 1724 li.
1023 1693 1055 1723 x
1078 1679 1112 1722 ἔ.
1182 1676 1248 1723 Et
1278 1678 1506 1723 allocatur
1538 1677 1688 1722 eidem
1724 1691 1808 1737 per
1841 1676 2172 1723 liberacionem
2197 1675 2372 1723 factam
2407 1676 2490 1724 Ja-

754 1788 868 1834 cobo
890 1785 1078 1848 Aysone
1100 1792 1147 1833 et
1164 1786 1196 1832 J
1198 1787 1371 1833 ohanni
1391 1786 1591 1846 Diykeis
1606 1774 1678 1832 'lie
1691 1783 1910 1848 prenteis
1932 1802 1960 1832 a
1977 1784 2095 1833 festo
2112 1786 2274 1833 Sancti
2292 1787 2491 1834 Mertini

754 1900 803 1943 in
826 1912 950 1943 anno
966 1903 1044 1943 ‘tc‘
1062 1899 1109 1942 v‘
1125 1897 1473 1957 decimoquinto
1495 1897 1547 1943 in
1570 1897 1772 1943 eundem
1786 1896 1911 1942 diem
1930 1911 2055 1943 anno
2072 1898 2289 1944 revoluto
2306 1898 2492 1958 capien-

758 2008 811 2065 ti,
825 2021 908 2066 per
938 2022 1116 2053 annum
1138 2006 1350 2067 quolibet
1372 2007 1720 2068 quinquaginta
1741 2004 1910 2052 solidos
1934 2012 1982 2052 et
2004 2007 2216 2053 modium
2239 2006 2417 2053 farrine
2439 2007 2490 2053 in

757 2113 1013 2173 septimana
1034 2086 1102 2175 ii'i‘j
1123 2114 1173 2159 li.
1194 2113 1276 2173 viij
1301 2114 1336 2158 ἔ.
1405 2112 1474 2159 Et
1498 2114 1727 2160 allocatur
1749 2114 1901 2160 eidem
1931 2130 2016 2174 per
2039 2114 2370 2161 liberacionem
2395 2115 2491 2162 fac-

757 2231 854 2270 tam
880 2222 913 2268 J
914 2222 1057 2269 acobo
1093 2222 1274 2269 Lokert
1310 2223 1510 2283 lapicide
1550 2224 1601 2268 in
1644 2224 1906 2269 mercedem
1942 2223 2117 2269 laboris
2151 2222 2223 2269 sui
2259 2225 2491 2275 conducto

757 2333 870 2394 xxvj
898 2332 1063 2393 Mercij
1089 2347 1214 2378 anno
1233 2339 1312 2378 ‘tc‘
1333 2334 1378 2376 ve
1395 2346 1461 2377 xv
1477 2333 1528 2378 in
1550 2332 1752 2378 eundem
1767 2332 1893 2378 diem
1915 2347 2041 2378 anno
2058 2334 2275 2379 revoluto
2289 2334 2490 2393 capienti

759 2444 807 2488 in
836 2457 960 2488 anno
989 2442 1245 2488 octodecim
1275 2440 1421 2487 libras
1443 2441 1544 2503 xvij
1569 2442 1619 2487 li.
1642 2456 1675 2487 x
1698 2445 1733 2487 ἔ.
1802 2439 1871 2488 Et
1904 2442 2054 2488 eidem
2078 2443 2130 2488 in
2151 2439 2216 2488 lie
2237 2439 2411 2503 bontay
2433 2457 2492 2490 ex

759 2552 981 2597 mandato
1002 2557 1303 2597 executorum
1328 2547 1414 2597 xx‘J
1443 2554 1480 2596 ἔ.
1536 2549 1604 2597 Et
1627 2552 1856 2597 allocatur
1878 2552 2029 2597 eidem
2052 2566 2138 2611 per
2160 2551 2490 2600 liberacionem

759 2659 930 2706 factam
954 2665 1059 2706 octo
1081 2660 1309 2721 operariis
1338 2676 1367 2706 a
1396 2657 1816 2723 vigefimoseptimo
1839 2661 1915 2706 die
1942 2657 2112 2709 menfis
2134 2660 2353 2724 Januarij
2379 2664 2492 2709 anni

763 2769 838 2813 qinc‘
861 2769 908 2812 v‘
929 2764 1018 2813 xv'³
1040 2769 1091 2814 in
1113 2769 1237 2814 diem
1260 2770 1675 2816 decimumnonum
1698 2769 1918 2817 Octobris
1941 2766 2174 2819 exclusive
2203 2772 2317 2819 anni
2342 2779 2421 2820 ‘²tc0
2445 2775 2493 2819 v·

758 2874 1042 2924 decimisexti
1067 2874 1370 2925 existentibus
1394 2879 1444 2925 in
1472 2880 1681 2939 querella
1709 2881 1913 2940 capienti
1946 2879 2159 2940 quolibet
2191 2895 2277 2941 per
2309 2895 2487 2928 annum

759 2986 884 3034 ultra
921 2987 1131 3033 modium
1172 2986 1350 3033 farrine
1383 2989 1432 3034 in
1479 2987 1739 3049 septimana
1777 2989 2097 3055 quadraginta
2132 2988 2303 3041 solidos
2336 2991 2403 3052 xij
2440 2992 2488 3037 li.
