2918 3900
1299 548 1361 587 III

464 692 636 753 quibus
671 692 820 739 officio
850 692 943 739 fuit
978 693 1159 755 Regem
1194 694 1409 740 comitari
1446 708 1585 748 unus,
1608 698 1787 740 orator
1821 694 1872 738 in
1907 691 2136 755 Angliam
2181 710 2209 740 a

465 823 651 885 Regina
673 825 812 871 fratri
837 825 1046 871 Henrico
1068 825 1209 872 VIII.
1234 827 1487 886 aliquando
1518 826 1705 880 missus,
1729 831 1777 872 et
1799 826 1849 872 in
1874 826 1978 872 aliis
2001 827 2204 888 negotiis

464 957 689 1015 temporis
720 957 858 1002 istius
892 956 1073 1002 turbidi
1104 964 1319 1003 versatus
1343 965 1442 1013 est3
1480 974 1539 1005 ex
1570 958 1744 1019 quibus
1771 958 2008 1012 omnibus,
2035 961 2203 1019 quanti

463 1088 589 1146 apud
613 1088 818 1147 aequales
841 1087 1097 1133 haberetur
1120 1086 1259 1134 facile
1283 1090 1513 1150 conjicere
1536 1091 1659 1136 licet.

523 1217 603 1263 Ad
627 1234 800 1265 munus
825 1203 1049 1265 Officialis
1074 1220 1280 1266 delectus
1305 1235 1413 1267 cum
1441 1221 1518 1275 sit,
1542 1220 1614 1267 fas
1638 1226 1710 1267 est
1741 1223 1927 1268 credere
1951 1239 2059 1269 eum
2076 1224 2202 1285 juris

457 1352 611 1398 civilis
639 1354 753 1398 satis
782 1353 928 1398 fuisse
958 1355 1180 1413 peritum.
1250 1354 1407 1407 Quam
1437 1360 1575 1415 grata
1607 1355 1650 1399 ei
1682 1359 1804 1400 esset
1831 1370 2080 1401 causarum
2109 1357 2203 1402 dis-

459 1487 662 1545 ceptatio
678 1492 860 1532 constat
879 1489 955 1532 vel
971 1502 1030 1532 ex
1048 1485 1245 1533 molesta
1261 1487 1518 1542 interdum,
1536 1488 1778 1534 actionum
1801 1489 2054 1549 litiumque
2075 1490 2201 1536 inter

456 1618 696 1677 episcopos
731 1624 779 1664 et
812 1634 975 1664 eorum
1007 1621 1198 1665 clientes
1233 1626 1487 1674 motarum,
1523 1621 1809 1666 narratione.
1878 1621 2197 1682 Jurisperitiae

455 1754 596 1807 fama,
632 1758 679 1797 et
713 1753 921 1813 dignitas
955 1753 1071 1798 satis
1105 1754 1278 1812 ampla,
1313 1769 1421 1798 cum
1455 1754 1664 1799 maxima
1697 1769 1857 1800 rerum
1892 1755 2196 1814 experientia,

452 1888 616 1945 procul
651 1886 796 1932 dubio
828 1887 1018 1932 effecere
1052 1893 1108 1932 ut
1142 1887 1417 1948 dignissime
1447 1887 1631 1946 primus
1664 1888 1990 1934 nominaretur
2019 1904 2194 1949 praeses

453 2019 598 2065 curiae
622 2019 773 2063 civilis
797 2033 1047 2077 supremae,
1072 2033 1197 2064 anno
1223 2020 1350 2063 1532
1375 2019 1624 2064 institutae.
1695 2019 1801 2065 Hoc
1829 2019 1978 2066 officio
2000 2021 2191 2067 functus

449 2166 599 2210 usque
622 2151 682 2195 ad
705 2165 884 2196 annum
910 2151 1054 2204 1548,
1077 2164 1187 2210 quo,
1210 2155 1267 2195 ut
1290 2150 1493 2203 videtur,
1517 2150 1642 2196 diem
1666 2150 1796 2196 obiit.

514 2282 587 2328 De
611 2283 712 2327 vita
734 2289 781 2328 et
813 2282 1024 2328 morib'us
1048 2282 1316 2328 domesticis
1339 2282 1638 2328 ecclesiastici
1668 2283 1900 2344 regularis
1924 2284 2007 2329 vix
2036 2285 2190 2330 multa

449 2416 692 2474 explorare
716 2420 830 2474 spes
845 2420 929 2460 est.
998 2387 1156 2460 Extra
1177 2415 1453 2461 monasterii
1481 2415 1627 2461 limen
1649 2430 1758 2460 raro
1780 2416 1947 2474 pedem
1970 2418 2185 2475 protulit,

446 2547 538 2592 nisi
573 2547 634 2591 ad
667 2547 859 2607 negotia
891 2546 1081 2605 publica
1115 2546 1343 2592 obeunda.
1414 2545 1541 2591 Casu
1577 2551 1758 2600 tamen‚‘
1786 2548 1961 2606 partim
1995 2565 2183 2611 quoque

444 2678 692 2742 diligentia
720 2679 967 2740 cujusdam
996 2678 1181 2725 Fratris
1214 2679 1489 2725 monasterii
1519 2680 1584 2725 de·
1601 2678 2034 2736 Cambuskenneth‚
2057 2697 2181 2729 com-

440 2821 629 2873 pertum
668 2773 912 2865 habemus,
947 2809 1186 2857 Abbatem
1221 2817 1452 2866 nostrum,
1489 2812 1707 2858 civilibus
1746 2813 1856 2859 licet
1895 2819 2174 2874 occupatum

437 2946 655 3007 negotiis,
673 2944 941 2991 incubuisse
958 2950 1118 2990 tamen
1136 2944 1294 2990 studio
1311 2950 1571 2991 conventus
1589 2946 1664 2991 sui
1687 2946 1747 2991 ad
1764 2947 1978 2992 strictam
1995 2947 2172 2993 ordinis
