2964 3892
968 536 1195 582 PONTIS
1224 534 1725 582 DUNKELDENSIS.
2086 544 2180 592 117

428 689 491 734 lie
514 694 562 735 et
587 687 687 735 Tor
709 703 763 735 ac
788 685 853 734 lie
867 685 1054 734 Reilcis
1078 687 1162 751 viij
1189 690 1223 734 3.
1247 687 1300 750 iij
1327 684 1374 733 d.
1441 685 1509 733 Et
1532 686 1764 733 allocatur
1781 687 2073 745 compotanti
2096 701 2180 746 per

428 799 758 845 liberacionem
782 799 959 846 factam
976 797 1009 844 J
1010 798 1156 845 acobo
1179 798 1362 845 Lokert
1384 812 1494 844 cum
1515 795 1661 844 servis
1678 794 1774 843 suis
1797 793 2110 843 existentibus
2128 797 2179 842 in

428 913 639 972 querella
659 908 785 957 laffis
807 926 895 971 pro
918 910 1235 956 inundacione
1258 924 1492 971 aquarum
1516 909 1568 955 in
1591 908 1897 970 refrigerium
1918 908 1986 970 xij
2012 905 2058 954 d.
2111 907 2179 953 Et

429 1023 659 1069 allocatur
681 1022 833 1068 eidem
864 1035 950 1081 per
978 1020 1311 1066 liberacionem
1334 1019 1511 1066 factam
1535 1019 1723 1066 Thome
1745 1018 1954 1080 Wrycht
1986 1034 2178 1079 carpen-

427 1133 549 1178 tario
581 1132 814 1178 conducto
840 1130 1092 1177 undecimo
1115 1130 1192 1175 die
1222 1126 1394 1176 mensis
1416 1128 1601 1189 Aprilis
1629 1144 1755 1176 anno
1779 1136 1858 1176 *tc*
1884 1131 1932 1175 νο
1955 1129 2053 1176 Χνω
2068 1143 2177 1176 cum

425 1242 508 1289 suo
525 1241 658 1288 servo
677 1241 857 1288 Gilroif
873 1241 933 1287 ad
952 1255 1071 1300 opus
1090 1239 1268 1286 fabrice
1286 1239 1456 1287 Pontis
1473 1254 1569 1300 quo
1592 1241 1653 1286 ad
1667 1239 2008 1287 confectionem
2030 1241 2175 1287 unius

425 1368 561 1399 arcus
592 1353 813 1413 incipien.
838 1353 899 1398 ad
931 1350 997 1398 lie
1028 1348 1258 1398 hulwark
1290 1365 1379 1412 pro
1409 1351 1569 1397 decem
1591 1350 1726 1396 libris
1749 1352 1855 1397 xli.
1922 1350 1992 1397 Et
2022 1352 2174 1398 eidem

422 1481 510 1526 pro
533 1465 823 1512 confectione
846 1463 1036 1511 secundi
1061 1461 1127 1510 lie
1154 1461 1396 1510 brandeir
1418 1478 1545 1509 anno
1568 1462 1776 1522 compoti
1807 1467 1854 1508 et
1885 1458 2174 1521 depofitione

422 1575 630 1639 ejusdem
655 1577 707 1623 in
729 1576 890 1622 debito
913 1577 1015 1621 loco
1032 1590 1064 1620 v
1087 1575 1135 1621 li.
1161 1575 1208 1636 vj
1230 1578 1264 1620 3.
1290 1574 1373 1636 viij
1400 1571 1446 1619 d.
1515 1572 1585 1619 Et
1602 1573 1755 1619 eidem
1778 1587 1867 1632 pro
1884 1573 2173 1619 correctione

424 1688 576 1734 cimbe
599 1687 774 1747 lapidie
799 1687 858 1732 de
881 1685 1088 1746 Capetht
1110 1700 1143 1731 x
1166 1688 1201 1731 3.
1285 1684 1354 1731 Et
1378 1700 1465 1746 pro
1483 1684 1700 1731 bitimine
1727 1683 1788 1730 ad
1811 1684 2009 1730 eandem
2033 1683 2100 1744 xij
2126 1680 2173 1728 d.

424 1797 493 1844 Et
515 1799 746 1843 allocatur
771 1797 922 1842 eidem
946 1810 1033 1856 per
1055 1794 1386 1842 liberacionem
1411 1794 1588 1841 factam
1607 1794 1735 1840 dicto
1759 1792 1946 1840 Thome
1964 1791 2173 1854 Wrycht

421 1909 471 1954 in
494 1905 668 1954 recessu
684 1907 744 1954 ab
762 1922 903 1968 opere
920 1921 979 1953 ex
1003 1907 1232 1954 mandato
1249 1905 1430 1952 Decani
1445 1905 1612 1952 vicarii
1629 1905 1864 1967 generalis
1887 1905 1940 1950 in
1965 1901 2030 1949 lie
2057 1901 2175 1950 bon-

425 2024 510 2081 tay
531 2016 605 2065 xltj
624 2022 658 2064 3.
727 2018 797 2065 Et
818 2016 954 2065 servo
977 2016 1156 2065 Gilroif
1182 2017 1235 2063 in
1259 2014 1325 2062 lie
1351 2014 1537 2077 bontay
1559 2014 1612 2075 iij
1638 2018 1674 2061 3.
1699 2046 1702 2049 -
1742 2013 1812 2061 Et
1834 2014 1962 2061 dicto
1986 2014 2173 2062 Thome

419 2144 507 2190 pro
522 2144 662 2190 opere
675 2127 746 2175 sui
760 2127 883 2175 servi
897 2126 1078 2175 Gilroif
1089 2133 1303 2188 tempore
1320 2126 1665 2187 purificationis
1682 2120 1940 2171 beatiffime
1953 2123 2171 2187 Virginis

421 2239 576 2287 Marie
604 2245 714 2286 ante
741 2239 996 2286 introitum
1024 2237 1342 2298 computantis
1366 2237 1425 2282 ad
1448 2237 1630 2282 dictum
1661 2234 1867 2281 officium
1890 2235 2013 2281 circa
2043 2234 2174 2282 labo-

418 2365 520 2397 rem
544 2351 730 2411 antiqui
747 2347 812 2396 Zz'e
833 2345 1069 2396 brandeir
1090 2349 1138 2411 vj
1163 2351 1198 2394 3.
1265 2347 1334 2394 Et
1358 2348 1589 2393 allocatur
1607 2346 1770 2392 eidem
1797 2345 1850 2390 in
1873 2345 2168 2405 empcionem

419 2460 695 2522 octuaginta
721 2465 827 2507 octo
854 2460 1121 2506 celdrarum
1144 2458 1282 2505 calcis
1314 2472 1399 2518 per
1421 2463 1609 2517 tempus
1633 2455 1841 2516 compoti
1865 2469 1973 2501 cum
1997 2452 2062 2501 lie
2084 2468 2171 2501 un-

419 2567 550 2631 ccfiis
572 2571 632 2617 ad
655 2569 829 2616 Pertht
846 2571 993 2616 aloco
1017 2566 1354 2617 combustionis
1378 2565 1587 2630 ejusdem
1611 2566 1682 2628 liij
1708 2567 1758 2612 li.
1781 2565 1869 2627 xiij
1895 2569 1931 2612 3.
1953 2580 1987 2611 x
2003 2562 2049 2611 d.
2100 2565 2170 2612 Et

418 2682 648 2727 allocatur
671 2680 822 2727 eidem
851 2694 938 2740 per
959 2679 1292 2726 liberaeionem
1314 2678 1502 2725 factam·
1516 2677 1817 2739 noningintis
1842 2677 2167 2738 quadraginta

415 2790 593 2852 septem
623 2792 757 2853 equis
780 2792 1026 2838 conductis
1053 2806 1083 2837 a
1116 2790 1288 2839 Pertht
1323 2791 1386 2837 ad
1419 2789 1740 2837 Dounkelden
1772 2803 1862 2850 pro
1894 2788 2165 2849 portacione

416 2901 688 2964 hujusmodi
712 2903 852 2949 calcis
869 2902 1002 2964 xxvij
1021 2902 1070 2949 li.
1090 2902 1156 2963 vij
1184 2905 1219 2948 3.
1240 2916 1273 2947 v
1294 2898 1340 2947 d.
1410 2899 1481 2947 Et
1499 2901 1733 2948 allocatur
1756 2900 1909 2946 eidem
1926 2912 2010 2958 per
2023 2896 2164 2943 liber-

414 3015 626 3061 acionem
660 3013 837 3060 factam
877 3013 1093 3059 ducentis
1129 3012 1406 3074 octuaginta
1440 3008 1687 3057 tresdecim
1726 3010 1860 3070 equis
1898 3008 2161 3054 communis

1268 3134 1303 3171 Q
