2964 3892
802 541 896 586 140
1182 535 1534 580 coMPOTUM
1562 533 1864 578 MAGISTRI
1892 530 2156 577 FABRICE

799 684 972 732 factam
996 686 1223 747 operariis
1246 684 1572 732 communibus
1606 678 1913 727 existentibus
1936 680 1987 725 in
2010 679 2221 739 querella
2253 685 2447 738 propter
2469 676 2533 725 lie

798 792 891 841 red
915 810 1000 856 per
1020 802 1206 855 tempus
1230 793 1433 853 compoti
1462 793 1588 837 ultra
1611 790 1912 850 quotidianos
1934 790 1985 835 in
2008 788 2158 835 feodis
2187 787 2462 834 eschalentis
2483 796 2532 836 et

796 905 1056 966 poculentis
1078 903 1195 964 xviij
1221 902 1269 947 li.
1296 901 1379 961 viij
1406 903 1440 945 3.
1462 900 1526 961 vij
1545 896 1590 945 d.
1660 898 1729 945 Et
1751 900 1982 944 allocatur
2006 898 2157 944 eidem
2182 912 2266 958 per
2288 897 2533 943 liberacio-

795 1027 902 1060 nem
933 1012 1104 1059 factam
1127 1010 1353 1070 operariis
1377 1009 1706 1055 communibus
1730 1007 2055 1054 laborantibus
2079 1007 2203 1053 circa
2229 1011 2421 1066 pontem
2447 1020 2531 1066 per

794 1130 979 1182 tempus
1002 1121 1205 1180 compoti
1230 1126 1285 1165 ut
1307 1125 1437 1179 patet
1471 1134 1555 1179 per
1577 1118 1753 1165 librum
1776 1119 2010 1164 dictarum
2034 1117 2347 1177 compotantis
2382 1117 2531 1176 parti-

792 1231 1014 1277 culariter
1043 1230 1366 1275 examinatum
1397 1227 1536 1288 super
1564 1234 1835 1288 compotum
1868 1229 1918 1289 lij
1945 1229 1994 1273 li.
2018 1228 2066 1289 vj
2093 1229 2127 1271 ἔ.
2196 1226 2265 1273 Et
2299 1228 2529 1272 allocatur

791 1339 1077 1399 compotanti
1100 1339 1150 1384 in
1182 1338 1472 1398 empcionem
1505 1338 1563 1383 de
1597 1344 1787 1383 centum
1822 1344 1870 1384 et
1904 1344 2009 1384 octo
2036 1333 2099 1382 lie
2126 1333 2337 1395 thrazJffis
2365 1336 2527 1397 pabuli

791 1446 911 1508 varij
938 1447 1080 1507 precij
1106 1446 1188 1507 xvj
1209 1450 1243 1491 3.
1263 1417 1332 1506 ioiij
1353 1443 1398 1491 d.
1466 1444 1571 1491 Et
1558 1460 1608 1490 in
1632 1446 1919 1504 empcionem
1939 1446 2082 1491 unius
2103 1446 2238 1504 pellis
2256 1445 2416 1504 equini
2441 1459 2527 1504 pro

788 1554 970 1613 pephiis
993 1553 1255 1599 faciendis
1242 1553 1310 1613 iiij
1339 1556 1372 1597 3.
1441 1551 1510 1598 Et
1543 1566 1631 1611 pro
1666 1551 1956 1598 confectione
1989 1550 2195 1613 ejusdem
2232 1552 2283 1597 in
2316 1553 2527 1612 quinque

786 1662 971 1722 pephiis
999 1662 1282 1707 verudorum
1306 1661 1340 1722 ij
1366 1664 1400 1706 3.
1426 1661 1472 1722 vj
1498 1658 1544 1706 d.
1579 1660 1648 1706 Et
1672 1662 1904 1707 allocatur
1926 1662 2219 1721 compotanti
2242 1675 2330 1721 pro
2347 1660 2529 1707 confec-

788 1773 915 1818 tione
937 1773 1139 1817 duorum
1173 1771 1360 1831 parium
1393 1771 1612 1816 redarum
1649 1785 1733 1830 per
1755 1776 1943 1830 tempus
1974 1770 2180 1830 compoti
2203 1769 2525 1817 confectarum

786 1882 903 1943 xxiij
929 1884 963 1927 3.
1032 1881 1101 1928 Et
1134 1896 1221 1941 pro
1255 1895 1352 1926 uno
1378 1878 1439 1925 lie
1462 1877 1668 1926 Riddile
1706 1895 1794 1940 pro
1830 1881 2106 1926 mundanda
2139 1881 2263 1926 calce
2287 1895 2319 1926 v
2341 1877 2387 1925 d.
2456 1879 2526 1927 Et

785 1993 837 2043 in
870 1991 1158 2038 confectione
1192 1998 1399 2052 quatuor
1434 1987 1497 2035 lie
1530 1988 1691 2036 bodeis
1725 1991 1947 2037 redarum
1966 1991 2017 2052 iij
2044 1994 2079 2038 3.
2103 1988 2198 2036 vd.
2258 1990 2382 2037 Item
2419 2005 2524 2051 pre-

782 2102 1017 2149 sentatum
1048 2116 1132 2161 per
1155 2099 1438 2162 Magistrum
1463 2100 1495 2145 J
1497 2101 1731 2147 ohannem
1764 2101 1925 2148 Lacok
1953 2102 2012 2147 ad
2042 2116 2161 2161 opus
2186 2107 2234 2147 et
2255 2102 2406 2147 eidem
2431 2103 2525 2148 col-

785 2214 935 2258 latum
958 2226 1110 2257 unum
1133 2226 1220 2271 par
1241 2211 1477 2256 redarum.
1518 2210 1586 2256 Et
1609 2211 1839 2256 allocatur
1861 2211 2152 2270 compotanti
2175 2225 2263 2270 pro
2287 2211 2522 2256 cedicione

784 2322 925 2367 unius
955 2322 1073 2383 ligni
1098 2326 1146 2367 et
1168 2319 1459 2366 confectione
1488 2317 1694 2381 ejusdem
1723 2320 1774 2365 in
1796 2316 1860 2365 lie
1866 2316 2046 2382 stcupis
2078 2335 2167 2380 pro
2195 2321 2405 2380 querella
2426 2321 2460 2382 ij
2486 2324 2520 2366 3.

784 2400 852 2490 iiij
877 2425 924 2474 d.
958 2428 1027 2474 Et
1049 2442 1136 2488 pro
1158 2429 1399 2488 empcione
1416 2429 1474 2474 de
1492 2434 1681 2474 centum
1706 2428 2026 2490 quadraginta
2043 2428 2265 2474 oneribus
2284 2426 2519 2488 cespidum

783 2551 870 2596 pro
892 2538 1148 2599 erigatione
1170 2537 1419 2583 corborum
1443 2543 1490 2583 et
1523 2535 1715 2599 passagij
1743 2553 1797 2583 ac
1827 2538 2028 2584 aliorum
2054 2535 2412 2585 necessariorum
2439 2553 2525 2599 per

791 2652 979 2705 tempus
1013 2646 1216 2705 compoti
1252 2647 1300 2707 xj
1328 2647 1363 2692 ἔ.
1392 2647 1474 2708 viij
1500 2643 1546 2692 d.
1615 2646 1684 2693 Et
1717 2647 1769 2693 in
1803 2648 2094 2707 empcionem
2127 2647 2207 2694 sex
2239 2649 2427 2708 parium
2462 2647 2527 2696 lie

766 2751 1041 2813 fihaikillise
1061 2768 1149 2814 pro
1171 2756 1359 2801 verudis
1375 2756 1422 2816 vj
1439 2753 1486 2801 d.
1520 2754 1589 2802 Et
1613 2756 1664 2802 in
1683 2758 1975 2817 empcionem
1998 2759 2212 2819 quinque
2231 2755 2295 2804 lie
2293 2756 2526 2821 strutheis

783 2865 849 2911 fili
882 2879 970 2925 pro
1004 2861 1349 2910 mensuratione
1382 2879 1466 2924 per
1488 2871 1678 2926 tempus
1702 2868 1909 2928 compoti
1931 2868 1999 2929 xij
2024 2882 2048 2927 3
2071 2864 2118 2913 d.
2186 2867 2263 2915 Et
2297 2870 2526 2915 allocatur

783 2975 936 3022 eidem
959 2974 1011 3020 in
1034 2973 1325 3034 empcionem
1351 2973 1408 3019 de
1431 2980 1619 3022 centum
1643 2974 1888 3039 sexaginta
1912 2977 2186 3037 quindecim
2216 2978 2437 3024 oneribus
2460 2975 2524 3023 lie
