2964 3892
782 540 875 584 180
1163 535 1521 580 COMPOTUM
1549 533 1857 579 MAGISTRI
1885 533 2155 578 FABRICE

844 681 977 730 Idem
1001 682 1288 744 Compotans
1311 690 1476 730 onerat
1499 680 1544 728 se
1566 683 1624 727 de
1647 682 1714 727 xli
1739 684 1774 727 3.
1797 681 1831 742 ij
1856 678 1902 726 d.
1933 681 1992 726 de
2015 677 2161 726 Resta
2183 679 2343 726 ultimi
2373 679 2513 727 Com·

782 792 883 851 poti
905 790 975 839 sui
999 793 1167 839 redditi
1192 799 1247 838 ut
1268 790 1408 852 supra

1374 897 1572 945 Summa
1594 896 1735 945 Reste
1759 904 1889 959 patet

844 1116 964 1163 Item
987 1118 1112 1162 idem
1135 1116 1424 1176 Compotans
1447 1123 1612 1163 onerat
1635 1116 1680 1164 se
1705 1118 1764 1163 de
1786 1118 1839 1179 ij‘
1855 1118 1956 1163 xlix
1974 1118 2023 1163 li.
2047 1118 2097 1163 ix
2120 1121 2154 1162 3.
2173 1118 2194 1178 j
2222 1113 2269 1162 d.
2294 1122 2465 1176 recept.
2485 1132 2512 1162 a

778 1226 982 1272 Domino
997 1226 1209 1272 Gilberto
1227 1225 1433 1286 Scharpe
1449 1228 1685 1273 dictorum
1701 1233 2003 1274 executurum
2020 1228 2147 1287 apud
2167 1226 2337 1272 Pertht
2353 1227 2514 1288 grani-

778 1335 896 1380 terio
918 1335 1068 1381 eidem
1092 1334 1300 1380 Domino
1317 1334 1532 1382 Gilberto
1555 1337 1671 1383 alias
1696 1337 1907 1383 allocatis
1925 1337 1976 1382 in
1998 1337 2168 1382 ultimo
2190 1334 2273 1382 suo
2296 1342 2513 1395 compoto

777 1445 960 1490 reddito
983 1445 1109 1503 apud
1134 1444 1303 1489 Pertht
1326 1445 1506 1490 decimo
1528 1459 1654 1491 nono
1676 1446 1753 1491 die
1775 1442 1945 1491 menfis
1967 1445 2000 1490 J
2001 1445 2185 1506 anuarij
2212 1445 2411 1505 predicti
2447 1443 2513 1489 Et

778 1553 834 1597 de
853 1552 935 1612 viij
955 1552 1003 1596 li.
1021 1523 1123 1611 x‘i’iij
1144 1555 1178 1595 3.
1198 1551 1230 1612 ij
1252 1548 1297 1595 d.
1316 1552 1515 1611 receptis
1534 1567 1563 1596 a
1580 1551 1788 1598 Domino
1803 1551 1836 1597 J
1837 1552 1982 1598 acobo
2007 1550 2277 1598 Hendirson
2301 1549 2515 1597 {imiliter

778 1660 903 1718 apud
943 1658 1227 1704 Dunkelden
1267 1660 1526 1720 graniterio
1565 1661 1715 1706 eidem
1751 1662 1867 1707 alias
1902 1661 2113 1707 allocatis
2148 1661 2200 1706 in
2233 1659 2316 1706 suo
2347 1661 2518 1706 ultimo

778 1774 993 1828 compoto
1017 1768 1201 1814 reddito
1234 1770 1361 1828 apud
1394 1768 1709 1816 Dounkelden
1732 1767 2043 1816 decimosexto
2066 1770 2142 1815 die
2173 1765 2343 1815 menfis
2366 1768 2399 1814 J
2400 1784 2517 1815 anu-

780 1876 866 1936 arij
903 1875 1100 1935 predicti
1167 1874 1237 1921 Et
1267 1876 1324 1921 de
1355 1877 1405 1937 iij
1432 1877 1480 1921 li.
1505 1849 1606 1938 xi'i'ij
1633 1881 1667 1923 ς.
1701 1879 1902 1938 receptis
1937 1893 1965 1924 a
2000 1876 2207 1923 Domino
2241 1878 2299 1923 de
2334 1876 2516 1923 Fardill

781 1985 967 2044 nqmine
983 1984 1112 2046 Magi
1119 1982 1200 2030 stri
1218 1983 1480 2031 Alexandri
1500 1986 1708 2032 officialis
1731 1987 1780 2032 in
1798 1993 1984 2047 partem
2002 1985 2251 2032 solucionis
2270 1986 2517 2033 fructuum

782 2092 959 2138 ecclesie
981 2094 1039 2138 de
1062 2092 1346 2139 Crawmond
1370 2109 1456 2153 pro
1479 2095 1652 2154 quibus
1683 2096 1808 2141 idem
1839 2095 1999 2142 David
2030 2095 2175 2141 habet
2205 2096 2518 2155 quittanciam

786 2202 1113 2262 Compotantis
1172 2201 1242 2248 Et
1264 2203 1321 2248 de
1344 2217 1376 2248 x
1394 2204 1441 2248 li.
1466 2205 1665 2264 receptis
1689 2220 1719 2250 a
1740 2204 1948 2250 Domino
1971 2205 2028 2250 de
2052 2204 2321 2250 Rothwane
2339 2205 2521 2250 collatis

786 2311 844 2355 ad
867 2310 1094 2357 fabricam
1117 2312 1276 2371 pontis
1298 2313 1350 2357 in
1373 2310 1662 2359 elimofinam
1730 2313 1799 2360 Et
1817 2315 1874 2359 de
1891 2314 1942 2375 iij
1963 2315 2012 2359 li.
2031 2314 2078 2375 vj
2100 2317 2135 2359 3.
2154 2314 2238 2374 viij
2258 2310 2304 2359 d.
2323 2315 2522 2373 receptis

789 2418 848 2464 ab
870 2417 1143 2465 Alexandro
1172 2419 1345 2466 Hareis
1377 2435 1530 2481 nuper
1561 2420 1785 2468 defuncto
1851 2420 1921 2468 Et
1942 2422 2001 2468 de
2023 2422 2074 2483 iij
2099 2425 2133 2467 3.
2157 2393 2226 2482 ioirij
2252 2418 2299 2467 d.
2322 2423 2522 2481 receptis
2544 2463 2546 2465 ,

792 2542 820 2572 a
841 2526 1046 2574 Domino
1066 2528 1099 2574 J
1100 2529 1242 2575 acobo
1265 2529 1457 2576 Lauder
1479 2531 1655 2577 decano
1678 2527 1890 2593 Angufie
1912 2532 1970 2577 de
1994 2532 2095 2577 oleo
2118 2537 2416 2591 peccatorum
2441 2546 2527 2591 per

794 2643 978 2697 tempus
1002 2639 1204 2697 compoti

1281 2747 1477 2794 Summa
1499 2749 1650 2797 tocius
1673 2751 1830 2798 oneris
1855 2765 1965 2798 cum
1989 2748 2136 2797 Resta
2157 2751 2211 2812 ijc
2235 2751 2333 2812 iiju
2349 2751 2451 2812 xvij
2477 2752 2524 2796 li.

1295 2857 1377 2917 viij
1403 2860 1437 2903 3.
1461 2872 1493 2903 v
1514 2855 1559 2904 d.
