2964 3892
836 666 899 714 92
1273 655 1622 702 COMPOTUM
1652 654 1955 699 MAGISTRI
1984 652 2249 698 FABRICE

836 806 1019 854 sextum
1059 804 1179 852 Maii
1218 806 1432 866 proxime
1471 811 1645 851 extunc
1679 804 1898 850 futurum
1940 803 1987 863 vj
2025 806 2059 847 ἔ.
2098 802 2168 863 iiij
2205 800 2250 848 d.
2318 801 2386 849 Et
2420 804 2573 850 eidem

839 914 1024 962 Thome
1047 916 1097 961 in
1119 914 1256 961 feodo
1278 913 1360 961 suo
1383 915 1560 975 capieu.
1584 912 1903 973 quadraginta
1923 909 2094 957 solidos
2126 911 2374 957 annuatim
2406 927 2435 958 a
2457 911 2575 959 festo

840 1023 1168 1072 Penthecostes
1191 1025 1242 1070 in
1275 1038 1398 1070 anno
1421 1022 1601 1068 domini
1628 1018 1873 1067 millefimo
1895 1017 2272 1082 quingentesimo
2296 1021 2575 1067 duodecimo

839 1136 889 1181 in
912 1132 1082 1181 festum
1106 1133 1263 1179 Sancti
1289 1131 1486 1177 Mertini
1510 1132 1562 1176 in
1584 1146 1719 1191 yeme
1743 1132 1794 1176 in
1817 1146 1942 1177 anno
1960 1131 2141 1176 domini
2165 1128 2415 1185 millesimo
2438 1133 2579 1191 quin-

839 1240 1093 1306 gentefimo
1115 1242 1294 1287 decimo
1318 1241 1460 1287 tertio
1481 1238 1617 1286 solut.
1642 1255 1727 1300 per
1761 1246 2110 1300 compotantem
2135 1239 2185 1300 iij
2214 1241 2263 1285 li.
2335 1240 2402 1285 Et
2426 1242 2575 1286 eidem

840 1368 869 1398 a
884 1353 1024 1400 tertio
1046 1350 1335 1411 Septembris
1358 1350 1473 1395 anni
1495 1350 1697 1410 predicti
1716 1347 2079 1411 quingentefimi
2098 1350 2364 1395 duodecimi
2384 1350 2434 1395 in
2452 1351 2576 1395 diem

839 1458 1066 1522 presentis
1090 1462 1295 1522 compoti
1325 1457 1550 1507 inclusive
1573 1462 1624 1507 in
1658 1457 1722 1506 lie
1742 1458 1929 1521 dynner
1951 1467 1999 1507 et
2027 1457 2358 1519 nwtyclzanleis
2390 1460 2578 1507 absente

842 1570 1049 1618 Domino
1072 1572 1119 1633 vj
1144 1575 1179 1617 ἔ.
1199 1571 1282 1632 viij
1307 1568 1354 1617 d.
1413 1569 1482 1616 Et
1504 1567 1734 1617 allocatur
1756 1571 1910 1617 eidem
1931 1586 2018 1631 per
2040 1571 2371 1618 liberacionem
2404 1571 2576 1618 factam

842 1680 1048 1727 Domino
1064 1679 1311 1726 Anthonio
1329 1679 1598 1725 M‘Dowale
1620 1680 1792 1725 rectori
1815 1680 1873 1725 de
1898 1680 2303 1727 Kilmawewnoth
2328 1696 2357 1727 a
2379 1680 2580 1727 secundo

842 1790 918 1835 die
962 1786 1132 1835 meniis
1176 1788 1467 1849 Septembris
1507 1788 1620 1834 anni
1657 1795 1738 1834 *tc‘
1773 1790 1820 1834 v‘
1854 1789 2121 1835 duodecimi
2160 1790 2210 1835 in
2245 1791 2579 1836 duodecimum

841 1898 872 1943 J
875 1900 958 1945 ulii
993 1899 1104 1944 anni
1135 1907 1213 1944 *bc*
1245 1901 1292 1944 vc
1319 1898 1488 1944 decimi
1516 1898 1650 1944 tercii
1678 1898 1915 1945 laboranti
1946 1913 2056 1945 cum
2086 1896 2170 1945 suo
2201 1898 2334 1945 servo
2362 1901 2486 1946 circa
2515 1897 2579 1946 lie

843 2005 1087 2054 Bulwark
1119 2005 1323 2053 centreis
1366 2014 1413 2053 et
1447 2003 1682 2053 brandeir
1719 2009 1897 2068 capien.
1934 2023 2020 2068 per
2060 2009 2186 2054 diem
2226 2010 2287 2054 ad
2323 2011 2580 2069 prandium

842 2118 1112 2164 eorumdem
1146 2116 1333 2163 absente
1366 2117 1574 2163 Domino
1610 2118 1970 2177 quatuordecim
2006 2119 2223 2164 denarios
2254 2120 2504 2165 extenden.
2529 2121 2579 2165 in

845 2189 979 2273 totali
1012 2226 1193 2272 summa
1225 2227 1286 2272 ad
1330 2233 1519 2273 centum
1554 2228 1902 2289 quinquaginta
1947 2234 2052 2274 octo
2100 2229 2200 2273 dies
2235 2230 2483 2274 extenden.
2532 2231 2581 2274 in

845 2335 1044 2394 pecunia
1064 2335 1125 2379 ad
1147 2335 1198 2380 ix
1213 2335 1263 2380 li.
1282 2305 1351 2396 isirj
1373 2338 1407 2380 ἔ.
1432 2335 1500 2396 iiij
1521 2332 1567 2380 d.
1625 2334 1694 2381 Et
1717 2336 1947 2382 allocatur
1970 2336 2122 2381 eidem
2140 2351 2225 2395 per
2249 2336 2583 2382 liberacionem

844 2444 1016 2490 factam
1057 2442 1271 2490 Waltero
1303 2443 1510 2504 Wrycht
1548 2442 1682 2490 servo
1721 2446 1835 2491 dicti
1876 2445 2072 2491 Domini
2105 2444 2342 2491 Anthonii
2383 2447 2443 2491 ad
2483 2446 2585 2506 ejus

846 2567 1025 2613 pannos
1048 2549 1136 2598 xx*
1161 2556 1196 2598 ἔ.
1264 2552 1333 2599 Et
1356 2554 1587 2599 allocatur
1609 2555 1759 2600 eidem
1783 2569 1869 2614 per
1891 2555 2222 2601 liberacionem
2245 2555 2419 2601 factam
2438 2554 2586 2600 Alex-

849 2662 996 2708 andro
1020 2662 1287 2708 M‘Dowale
1316 2664 1613 2723 carpentario
1643 2663 1854 2710 laboran.
1877 2680 1986 2711 cum
2022 2665 2212 2711 Thoma
2234 2664 2440 2724 Wrycht
2464 2666 2589 2711 circa

849 2767 912 2817 lie
950 2767 1193 2816 Bulwark
1232 2772 1292 2816 ad
1333 2770 1505 2831 septem
1552 2770 1836 2833 septimanas
1877 2775 2058 2834 capien.
2091 2775 2143 2820 in
2181 2772 2444 2834 septimana
2484 2781 2589 2819 octo

848 2878 1017 2926 solidos
1050 2880 1295 2925 extenden.
1337 2881 1388 2926 in
1418 2883 1615 2940 pecunia
1646 2884 1707 2928 ad
1737 2883 1788 2944 iij
1814 2884 1863 2929 li.
1899 2884 1946 2945 vj
1974 2887 2008 2929 ἔ.
2033 2884 2116 2945 viij
2142 2880 2188 2930 d.
2257 2882 2327 2928 Et
2360 2884 2588 2928 allocatur

851 2988 1002 3035 eidem
1024 3003 1110 3048 per
1132 2989 1462 3035 liberacionem
1486 2990 1659 3037 factam
1682 2992 1713 3038 J
1716 2993 1893 3039 ohanni
1918 2992 2126 3054 Wrycht
2144 2993 2196 3038 in
2215 2992 2384 3053 Megill
2404 3007 2591 3051 compo-

852 3112 957 3144 nen.
979 3097 1074 3145 t'ria
1095 3098 1231 3159 paria
1251 3099 1463 3147 rotarum
1488 3107 1535 3146 et
1558 3103 1735 3162 capien.
1750 3103 1817 3150 'de
1840 3103 1916 3149 die
1939 3101 2149 3149 Domino
2182 3102 2371 3149 absente
2394 3099 2590 3148 sedecim
