2964 3892
815 520 909 565 122
1181 511 1537 559 COMPOTUM
1565 508 1873 555 MAGISTRI
1903 506 2173 552 FABRICE

816 664 1028 725 lapidum
1051 664 1395 725 quadratorum
1429 658 1778 708 continenciam
1800 654 2133 717 septemdecim
2161 654 2340 715 pedum
2373 654 2558 702 mensu·

818 788 919 821 ram
943 778 993 819 et
1013 773 1215 833 capienti
1249 786 1336 832 pro
1358 766 1606 831 cujussibet
1627 766 1760 827 pedis
1789 762 2010 812 mensura
2030 770 2127 810 tres
2151 763 2371 810 denarios
2394 770 2558 810 exten-

818 882 923 928 den.
955 882 1005 927 in
1040 880 1238 941 pecunia
1277 880 1336 924 ad
1373 849 1442 938 iiij
1469 880 1504 922 ἔ.
1527 877 1579 938 iij
1604 872 1651 922 d.
1720 874 1789 920 Et
1822 875 2053 920 ancatur
2086 873 2237 919 eidem
2272 886 2359 932 per
2388 871 2559 918 libera-

819 992 998 1039 cionem
1013 989 1184 1036 factam
1203 987 1388 1048 prefato
1405 986 1666 1032 Willielmo
1683 986 1735 1031 in
1758 984 2020 1030 mercedem
2038 981 2109 1029 sui
2128 982 2306 1029 laboris
2324 982 2558 1029 conducto

819 1101 877 1147 ad
912 1100 1089 1146 dictum
1125 1112 1243 1157 opus
1277 1094 1478 1142 secundo
1512 1096 1588 1141 die
1623 1090 1795 1141 mensis
1828 1092 2012 1154 Aprilis
2047 1107 2173 1138 anno
2204 1099 2281 1138 'tc‘
2306 1094 2354 1137 vc
2377 1092 2559 1138 decimo

816 1210 983 1270 quinto
1015 1223 1103 1268 pro
1136 1207 1343 1254 dimedio
1374 1206 1487 1253 anni
1517 1206 1722 1267 capienti
1749 1206 1801 1251 in
1833 1204 1971 1251 feodo
1994 1210 2100 1251 octo
2122 1204 2202 1250 lib.
2227 1202 2306 1250 sex
2318 1202 2489 1250 solidos
2512 1212 2560 1250 et

817 1324 921 1365 octo
945 1319 1162 1365 denarios
1186 1324 1233 1364 et
1255 1317 1553 1364 continuanti
1578 1317 1638 1363 ad
1661 1314 1931 1378 huJusmodi
1966 1329 2085 1375 opus
2120 1329 2205 1375 per
2237 1315 2389 1360 decim
2423 1313 2561 1374 septi-

817 1441 982 1473 manas
1014 1433 1062 1473 et
1088 1441 1239 1472 unum
1263 1427 1387 1471 diem
1411 1426 1462 1487 iij
1488 1426 1538 1471 li.
1562 1439 1629 1471 xv
1652 1428 1687 1470 ἔ.
1711 1395 1780 1486 iiij
1805 1421 1852 1469 d.
1920 1422 1992 1469 Et
2025 1425 2256 1469 allocatur
2289 1423 2443 1470 eidem
2476 1438 2562 1484 per

818 1537 1146 1584 liberacionem
1168 1536 1345 1582 factam
1368 1534 1400 1580 J
1402 1535 1579 1580 ohanni
1605 1533 1847 1594 Merl3one
1865 1534 2030 1579 latimo
2047 1534 2100 1579 in
2118 1534 2382 1580 mercedem
2400 1532 2471 1580 sui
2495 1535 2562 1580 la-

823 1646 948 1692 boris
972 1646 1201 1692 conducto
1226 1646 1407 1691 decimo
1424 1650 1596 1705 quarto
1618 1644 1694 1689 die
1717 1639 1888 1689 menfis
1912 1642 2032 1704 Maij
2053 1657 2178 1689 anno
2196 1648 2277 1688 *tc*
2293 1644 2342 1688 v‘
2356 1631 2460 1688 ’ΧΨ
2475 1658 2563 1703 pro

818 1756 967 1802 decim
990 1753 1148 1802 solidis
1182 1756 1232 1801 in
1266 1753 1527 1815 septimana
1549 1760 1597 1800 et
1619 1754 1916 1800 continuanti
1951 1753 2011 1799 ad
2045 1751 2319 1815 hujusmodi
2352 1768 2473 1814 opus
2508 1755 2558 1800 in

820 1872 1036 1912 octavum
1062 1865 1283 1913 Octobris
1308 1864 1515 1927 ejusdem
1542 1865 1656 1911 anni
1687 1864 1935 1910 extenden.
1959 1864 2021 1910 ad
2044 1864 2220 1925 viginti
2247 1878 2399 1910 unum
2421 1862 2562 1925 septi-

821 1992 983 2044 manas
1006 1992 1038 2022 x
1061 1978 1110 2023 li.
1130 1991 1163 2022 x
1187 1979 1221 2021 ἔ.
1289 1974 1358 2022 Et
1380 1976 1532 2021 eidem
1556 1947 1767 2021 Johanni
1789 1990 1818 2021 a
1840 1974 1967 2021 dicto
1990 1980 2156 2021 octavo
2179 1975 2255 2020 die
2277 1971 2446 2022 menfis
2470 1974 2562 2021 Oc-

821 2085 968 2132 tobris
992 2082 1215 2132 inclusive
1237 2086 1426 2131 noviter
1449 2085 1681 2131 conducto
1704 2085 1765 2130 ad
1787 2084 1969 2131 (lictum
1987 2099 2107 2144 opus
2131 2085 2183 2130 in
2205 2085 2410 2131 eundem
2433 2085 2560 2131 diem

822 2210 947 2242 anno
968 2198 1185 2242 revoluto
1208 2196 1412 2257 capienti
1448 2210 1533 2255 per
1565 2209 1747 2242 annum
1780 2195 1832 2240 in
1865 2195 2129 2240 mercedem
2152 2192 2223 2240 sui
2247 2195 2422 2242 laboris
2457 2203 2562 2242 octo

820 2306 970 2352 decim
1010 2306 1092 2352 lib.
1127 2305 1180 2351 ix
1212 2310 1248 2351 ἔ.
1316 2303 1385 2350 Et
1425 2306 1655 2352 allocatur
1693 2305 1844 2351 eidem
1886 2319 1971 2364 per
2011 2304 2343 2351 liberacionem
2382 2304 2557 2352 factam

820 2414 851 2460 J
853 2415 1029 2462 ohanni
1052 2415 1391 2477 Cunynghaim
1422 2414 1623 2461 lathimo
1654 2415 1706 2461 in
1735 2415 1998 2461 mercedem
2026 2412 2097 2461 sui
2128 2415 2304 2461 laboris
2329 2416 2561 2462 conducto

818 2526 1003 2591 *decimo
1024 2532 1194 2586 quarto
1217 2527 1293 2572 die
1315 2522 1485 2572 mensis
1510 2524 1630 2588 Maij
1656 2540 1783 2572 anno
1806 2531 1886 2571 *tc*
1912 2527 1959 2571 νε
1981 2523 2080 2572 xv‘0
2109 2540 2197 2586 pro
2227 2523 2307 2572 sex
2329 2523 2489 2572 solidis
2512 2533 2559 2573 et

823 2641 929 2682 octo
951 2636 1155 2681 denariis
1183 2636 1233 2681 in
1263 2634 1522 2697 septimana
1552 2643 1602 2683 et
1630 2637 1927 2683 continuanti
1959 2637 2021 2682 ad
2053 2634 2326 2699 huJusmodi
2359 2651 2478 2696 opus
2510 2638 2561 2683 in

822 2752 1044 2793 octavum
1077 2745 1296 2792 Octobris
1329 2745 1534 2807 ejusdem
1573 2748 1687 2793 anni
1727 2744 1959 2794 exclusive
1997 2748 2244 2815 estenden.
2281 2748 2343 2793 ad
2384 2749 2559 2810 viginti

822 2870 971 2902 unum
992 2853 1275 2916 septimanas
1299 2856 1364 2917 vij
1389 2857 1437 2902 li.
1508 2856 1576 2903 Et
1597 2858 1749 2904 eidem
1772 2857 1803 2903 J
1805 2857 1984 2905 ohanni
2008 2855 2347 2918 Cunynghaim
2371 2857 2561 2903 noviter

822 2966 1052 3013 conducto
1086 2966 1214 3013 dicto
1249 2972 1417 3013 octavo
1453 2967 1529 3014 die
1564 2964 1733 3014 menfis
1773 2967 1995 3015 Octobris
2035 2967 2096 3012 ad
2137 2967 2319 3041 dictum
2355 2981 2475 3027 opus
2509 2968 2559 3013 in
