2964 3892
979 541 1204 586 PONTIS
1232 542 1733 587 DUNKELDENSIS.
2133 552 2194 600 89

447 694 634 749 tempus
665 691 870 751 compoti
897 706 997 738 xxv
1020 695 1054 738 ἔ.
1078 707 1111 738 v
1132 690 1178 739 d.
1246 691 1316 739 Et
1355 694 1585 739 allocatur
1619 693 1771 739 eidem
1798 706 1882 753 per
1905 691 2196 752 empcionem

448 801 599 846 decim
628 803 853 848 cellarum
881 803 1104 848 redarum
1133 804 1416 863 equinarum
1443 799 1508 849 lie
1540 799 1716 866 nappis
1737 803 1976 849 coriorum
2005 803 2199 862 equino-

447 926 556 956 rum
575 911 1054 972 reformationemque
1076 913 1269 958 illarum
1293 928 1346 959 ac
1366 914 1514 974 panni
1536 914 1662 960 lanei
1684 929 1772 974 pro
1788 913 2013 973 pannulis
2029 927 2199 958 earun-

447 1022 556 1067 dem
587 1036 642 1067 ac
662 1021 926 1066 mercedem
959 1020 1179 1067 laborum
1214 1023 1450 1069 artificum
1484 1022 1740 1084 ceterisque
1763 1020 1978 1084 expenfis
2001 1020 2198 1086 fingulis

448 1131 572 1175 circa
606 1131 744 1175 cellas
783 1128 1055 1191 hujusmodi
1095 1132 1214 1192 xxiij
1264 1135 1298 1177 ἔ.
1344 1132 1395 1192 iij
1444 1129 1490 1178 d.
1576 1132 1646 1179 Et
1686 1135 1917 1180 allocatur
1955 1134 2109 1180 eidem
2147 1133 2199 1179 in

447 1237 660 1298 expensis
706 1239 900 1299 antique
939 1236 1085 1286 fimbe
1124 1238 1389 1300 presentate
1428 1256 1515 1302 per
1556 1241 1820 1288 Dominum
1860 1241 2100 1290 Abbatem
2141 1245 2199 1290 de

446 1348 599 1395 Scona
631 1354 819 1409 portate
854 1351 915 1395 ad
947 1350 1266 1397 Dounkelden
1298 1347 1390 1397 xxti
1424 1355 1459 1397 ἕ.
1496 1353 1530 1414 ij
1571 1349 1617 1399 d.
1686 1351 1756 1398 Et
1786 1354 2017 1400 allocatur
2047 1355 2199 1400 eidem

447 1474 535 1519 pro
575 1461 788 1506 mercede
827 1460 1004 1506 laboris
1049 1460 1247 1507 Domini
1288 1459 1527 1524 Anthonij
1573 1432 1846 1509 M‘Dowale
1888 1459 2200 1510 construentis

447 1568 645 1616 fimbam
679 1586 772 1631 que
800 1586 928 1616 nunc
951 1568 1017 1616 est
1046 1572 1175 1631 apud
1205 1572 1483 1631 lapicidium
1518 1587 1607 1632 pro
1629 1572 1858 1618 vehendis
1880 1573 2119 1633 lapidibus
2143 1588 2202 1619 ex

448 1680 671 1739 lapicidio
706 1681 767 1726 ad
800 1680 971 1742 bighas
1006 1687 1054 1727 et
1083 1696 1172 1740 pro
1202 1680 1437 1728 bitumine
1465 1683 1568 1743 pice
1610 1688 1658 1729 et
1698 1682 1803 1728 aliis
1843 1679 2105 1729 necefl'ariis
2140 1684 2202 1729 ad

448 1791 623 1836 dictam
658 1789 873 1851 symbam
907 1796 1066 1850 preter
1102 1791 1290 1837 tabulas
1322 1796 1370 1837 et
1401 1792 1535 1854 ligna
1567 1806 1661 1852 que
1692 1790 1891 1837 fuerunt
1921 1791 2119 1838 Domini
2153 1799 2202 1838 et

448 1914 533 1959 per
556 1915 666 1946 eum
689 1900 842 1946 eidem
865 1902 1037 1947 donate
1060 1901 1128 1963 xij
1153 1902 1202 1947 li.
1227 1902 1276 1964 xj
1303 1905 1338 1948 ἕ.
1362 1902 1414 1963 iij
1442 1899 1486 1947 d.
1554 1901 1624 1948 Et
1647 1902 1877 1948 allocatur
1899 1902 2052 1948 eidem
2075 1898 2201 1948 fimi-

447 2010 557 2055 liter
592 2011 643 2055 in
680 2008 1079 2057 construccionem
1110 2008 1369 2058 fimbucule
1402 2027 1495 2073 que
1529 2010 1598 2058 est
1631 2014 1761 2073 apud
1794 2009 1858 2058 lie
1891 2009 2113 2057 hulwark
2146 2013 2198 2057 in

446 2121 711 2166 mercedem
733 2121 910 2167 laboris
929 2121 1167 2168 artificum
1190 2127 1239 2168 et
1257 2122 1362 2168 aliis
1381 2118 1595 2182 expenfis
1618 2127 1780 2182 preter
1796 2122 1930 2183 ligna
1946 2126 1994 2167 et
2010 2121 2198 2167 tabulas

447 2231 602 2276 xxxiii
625 2234 659 2276 ἔ.
684 2231 769 2292 viij
796 2227 841 2276 d.
909 2229 980 2277 Et
1014 2228 1245 2277 allocatur
1278 2232 1431 2278 eidem
1462 2232 1515 2278 in
1544 2229 1608 2278 lie
1638 2229 1837 2294 uncqstis
1866 2230 2028 2292 symbe
2058 2232 2197 2278 calcis

449 2346 605 2400 empte
632 2341 684 2387 in
707 2340 859 2387 Perth
883 2356 969 2401 per
992 2341 1257 2387 Dominum
1287 2347 1336 2388 et
1369 2357 1457 2402 pro
1491 2342 1731 2402 portitura
1753 2342 1815 2388 ad
1838 2342 2041 2401 opellam
2062 2356 2198 2387 xxxv

449 2454 483 2495 ἔ.
508 2451 591 2511 viij
617 2447 664 2495 d.
731 2449 801 2497 Et
835 2452 1067 2498 allocatur
1101 2452 1255 2498 eidem
1288 2452 1340 2498 in
1372 2449 1742 2498 combustionem
1768 2448 1941 2497 ustrini
1975 2452 2113 2497 calcis
2143 2453 2211 2511 de*

449 2557 579 2606 testis
610 2557 864 2607 ostriorum
899 2562 951 2607 in
987 2561 1277 2608 Crawmond
1311 2563 1663 2622 circumportat.
1687 2561 1748 2607 ad
1779 2560 1930 2607 Perth
1958 2562 2117 2607 nawlo
2149 2567 2197 2607 et

451 2667 514 2716 lie
537 2666 737 2731 unctssz‘s
760 2670 806 2731 vj
833 2671 884 2716 li.
973 2669 1043 2717 Et
1077 2673 1309 2720 allocatur
1345 2672 1497 2718 eidem
1525 2672 1577 2717 in
1606 2671 1898 2731 empcionem
1925 2671 2197 2732 quindecim

449 2781 714 2827 celdrarum
761 2781 900 2827 calcis
946 2782 1105 2841 precio
1144 2783 1298 2828 celdre
1338 2781 1586 2828 duodecim
1626 2779 1762 2827 solidi
1802 2787 1850 2827 et
1895 2781 2070 2843 viginti
2116 2779 2196 2826 sex

448 2892 713 2938 celdrarum
742 2891 881 2938 calcis
915 2892 1074 2952 precio
1108 2892 1262 2938 celdre
1295 2907 1452 2938 merca
1485 2891 1734 2938 extenden.
1763 2891 1816 2937 in
1848 2891 2051 2951 pecunia
2082 2904 2198 2950 qua-

448 3002 670 3064 draginta
703 3002 846 3049 unius
880 3003 1144 3049 celdrarum
1180 3003 1240 3049 ad
1274 3002 1390 3064 xxvj
1416 3002 1464 3049 li.
1489 3002 1537 3064 vj
1564 3005 1598 3048 ἔ.
1623 3001 1709 3064 viij
1734 2997 1781 3047 d.
1848 3000 1917 3047 Et
1950 2999 2111 3047 nautis
2144 2999 2197 3044 in
