2964 3892
785 556 879 601 108
1171 547 1533 594 COMPOTUM
1563 545 1874 591 MAGISTRI
1903 541 2174 588 FABRICE

1595 933 1707 988 111.

1083 1161 1494 1218 MAGISTER
1535 1160 1879 1216 FABRICE
1923 1160 2211 1215 PONTIS

1462 1347 1544 1401 M.
1567 1346 1636 1399 D.
1677 1346 1841 1400 XIV.

782 1553 1179 1617 COMPOTUM
1206 1567 1426 1631 Magistri
1449 1568 1714 1617 Alexandri
1741 1570 1910 1632 Mylne
1933 1570 2162 1617 Canonici
2185 1570 2524 1618 Dounkelden-

778 1677 836 1727 fis
859 1694 913 1726 ac
936 1678 1156 1743 Magistri
1180 1679 1381 1727 Fabrice
1405 1680 1574 1727 Pontis
1605 1679 1811 1743 ejusdem
1842 1680 2083 1727 redditum
2115 1682 2243 1741 apud
2276 1679 2521 1727 Tullelum

777 1788 907 1835 sexto
928 1790 1004 1836 die
1025 1787 1195 1837 mensis
1219 1788 1506 1836 Novembris
1530 1804 1656 1836 anno
1679 1791 1860 1837 domini
1878 1788 2126 1837 millefimo
2142 1787 2522 1853 quingentesimo

776 1900 955 1945 decimo
977 1906 1148 1960 quarto
1182 1899 1255 1946 De
1278 1900 1498 1946 omnibus
1529 1898 1625 1946 suis
1657 1899 1881 1961 Receptis
1912 1907 1961 1947 et
1992 1898 2227 1961 Expenfis
2258 1901 2319 1947 ab
2350 1902 2523 1948 ultimo

775 2016 992 2068 compoto
1013 2008 1097 2056 suo
1118 2012 1305 2057 reddito
1328 2012 1455 2070 apud
1484 2009 1799 2058 Dounkelden
1830 2012 1984 2074 xvijm
2007 2013 2083 2058 die
2111 2009 2283 2058 menfis
2312 2010 2361 2057 N
2362 2027 2522 2060 ovem-

776 2119 873 2164 bris
896 2134 1020 2165 anno
1042 2121 1223 2166 domini
1249 2116 1495 2166 millefimo
1517 2118 1894 2183 quingentesimo
1917 2123 2099 2168 decimo
2122 2125 2270 2169 tercio
2314 2123 2520 2171 Audito-

774 2228 906 2275 ribus
937 2227 1180 2291 Magistris
1203 2229 1235 2275 J
1237 2229 1382 2276 acobo
1405 2229 1627 2275 Fentoun
1650 2237 1925 2290 precentore
1955 2230 2162 2293 Georgio
2187 2232 2342 2278 Ferne
2365 2234 2518 2279 archi-

772 2339 967 2385 diacono
988 2337 1207 2385 Dominis
1230 2338 1492 2385 Willielmo
1516 2339 1721 2387 Moncur
1744 2346 1793 2388 et
1816 2340 2009 2388 Thoma
2031 2340 2181 2403 Greig
2202 2345 2452 2390 canonicis.

840 2555 972 2602 Idem
995 2565 1267 2618 computans
1289 2567 1457 2607 onerat
1476 2560 1522 2607 se
1544 2562 1603 2608 de
1625 2563 1710 2607 xlv
1726 2562 1773 2608 li.
1793 2562 1860 2622 vij
1879 2565 1914 2607 ἔ.
1933 2562 2032 2623 vij3
2056 2559 2102 2608 d.
2127 2564 2185 2609 de
2207 2561 2332 2610 resta
2355 2565 2512 2610 ultimi

773 2667 977 2726 compoti
1001 2665 1070 2713 sui
1095 2669 1265 2715 redditi
1289 2677 1344 2716 ut
1367 2668 1520 2730 supra.

1386 2779 1583 2827 Summa
1605 2779 1725 2828 reste
1747 2788 1893 2843 patet.
1942 2769 1946 2773 ’

836 2993 956 3041 Item
994 2993 1125 3040 Idem
1150 3001 1426 3055 computans
1457 3005 1620 3045 onerat
1650 2998 1695 3046 se
1726 3001 1785 3046 de
1816 3000 1899 3060 viij
1925 3000 1973 3046 li.
1996 3001 2082 3063 xiij
2109 3005 2143 3047 ἔ.
2168 3003 2234 3064 vij
2259 3000 2305 3049 d.
2338 3011 2508 3065 recept.
