2918 3900
1264 567 1301 604 V

403 711 611 757 fenestra
635 711 760 756 vitro
784 711 1015 765 decorata,
1041 711 1163 757 calix
1193 716 1277 758 aut
1301 706 1460 773 cappa
1483 711 1674 765 donata,
1697 710 1825 756 haud
1850 712 2025 757 minori
2039 712 2155 758 vdili-

404 841 570 905 gentia
585 858 737 904 quam
751 843 879 894 facta
896 857 1007 893 vere
1026 843 1271 897 benevola,
1291 845 1367 892 vel
1379 845 1451 894 ‘ad
1473 858 1628 894 mores
1643 830 1695 893 sot
1711 844 1988 906 religionem
2003 844 2154 891 vrefor-

405 977 629 1025 mandam
649 975 927 1034 spectantia,
944 974 1258 1024 celebrentur.
1317 975 1428 1021 Non
1452 982 1669 1023 nostrum
1695 982 1857 1023 tamen
1871 983 1946 1024 est
1962 978 2013 1023 in
2023 978 2153 1024 hanc

405 1115 643 1168 nugarum
685 1120 847 1153 curam
875 1107 1277 1161 animadvertere,
1312 1120 1398 1166 per
1433 1120 1578 1167 quam
1609 1108 1745 1154 nobis
1781 1110 1934 1156 multa
1963 1117 2152 1157 servata

400 1243 655 1298 sunt,‚quae
670 1238 724 1283 in
736 1246 894 1284 'unum
911 1238 1118 1292 collecta,
1136 1238 1471 1299 aliquussunt
1488 1239 1655 1298 pretii,
1666 1240 1870 1305 singula,
1888 1246 1942 1287 et>
1952 1242 2150 1289 minoris

405 1372 687 1420 aestimanda
709 1371 880 1426 forent,
904 1376 952 1418 et
969 1372 1257 1435 jamdudum
1283 1373 1546 1432 periissent.

446 1549 447 1552 ,
471 1503 607 1553 Idem
635 1504 734 1550 fere
764 1505 1065 1564 antiquitatis
1095 1505 1309 1552 studium
1340 1510 1544 1559 secutus,
1563 1516 1685 1565 -'quo,
1713 1520 1771 1551 ex
1802 1506 2008 1554 archivis
2035 1508 2150 1554 djoe-

407 1654 576 1693 ceseos,
605 1639 774 1700 jejuna
804 1639 908 1684 haec
938 1639 1278 1684 commentaria
1307 1639 1649 1698 episcoporum⁴
1669 1640 1948 1699 composuit,
1978 1597 2148 1687 melius

405 1777 569 1832 postea
597 1771 666 1816 :de
710 1771 868 1830 patria
906 1770 1129 1816 meritus
1146 1774 1217 1815 est
1257 1775 1423 1816 auctor
1462 1774 1637 1824 noster,
1683 1770 1860 1816 chartis
1907 1772 2147 1819 veteribus

402 1902 678 1950 monasterii
714 1902 788 1947 sui
819 1902 876 1947 de
906 1900 1346 1955 Cambuskenneth,
1369 1899 1503 1962 regia
1532 1903 1813 1948 auctoritate
1835 1908 1890 1949 et·
1905 1903 1994 1949 sub
2016 1905 2148 1951 testi*

403 2036 565 2081 monio
587 2035 750 2096 magni
774 2034 934 2096 sigilli,
957 2007 1271 2093 transcriptis,
1295 2036 1326 2057 ‘⁶
1341 2048 1450 2079 cum
1467 2034 1670 2094 jam''=ut
1692 2035 1761 2080 ait
1781 2035 1883 2094 ipse
1906 2039 1935 2059 “
1951 2042 2147 2095 propter

399 2140 648 2214 humorem
685 2173 733 2213 et
767 2166 889 2212 aeris
924 2166 1194 2228 rubiginem
1230 2167 1320 2211 loci
1355 2167 1536 2226 aquosi,
1555 2167 1706 2227 quasi
1740 2166 2146 2215 absumerentur-'⁹

398 2300 678 2362 Registrum
711 2300 782 2345 ita
811 2298 1091 2352 confectum,
1122 2298 1318 2344 unicum
1345 2298 1398 2343 in
1425 2297 1582 2344 Scotia
1608 2296 1745 2344 tanta
1765 2299 2045 2346 auctoritate
2067 2299 2146 2345 fir-

399 2439 598 2486 matum,
621 2431 776 2477 adhuc
798 2432 849 2476 in
871 2429 1155 2476 bibliotheca
1177 2429 1516 2475 advocatorum
1538 2427 1811 2490 Edinburgi
1834 2437 2119 2477 asservatur.

468 2562 589 2608 Hae'c
619 2563 677 2609 de
706 2566 911 2606 auctore.
982 2559 1182 2609 Constat
1204 2560 1332 2606 hunc
1354 2561 1567 2606 libellum
1592 2561 1650 2607 de
1673 2561 1787 2607 vitis
1811 2562 2140 2621 episcoporum

399 2696 459 2743 ad
489 2695 632 2741 finem
662 2694 860 2743 ductum
891 2706 990 2738 esse
1018 2707 1144 2740 anno
1169 2694 1312 2739 1515.
1380 2692 1526 2738 Liber
1547 2694 1898 2754 manuscriptus
1921 2695 1982 2739 ad
2004 2696 2140 2757 cujus

397 2828 538 2875 fidem
561 2832 609 2876 et
631 2827 777 2873 editio
800 2825 931 2885 prior
955 2822 1142 2886 (1823),
1165 2830 1308 2885 atque
1334 2825 1439 2871 haec
1462 2831 1640 2880 nostra,
1668 2827 1796 2886 typis
1828 2840 2000 2872 excusa
2028 2826 2136 2880 fuit,

396 2975 573 3020 parvus
608 2965 680 3006 est
713 2959 859 3005 codex
893 2957 1293 3010 membranaceus,
1328 2957 1380 3002 in
1413 2959 1508 3012 4to,
1539 2959 1590 3003 in
1625 2957 1906 3004 bibliotheca
1937 2959 2135 3003 advoca-
