2964 3892
917 496 1143 542 PONTIS
1174 495 1668 542 DUNKELDENSIS.
2108 507 2170 556 99

416 648 649 710 quaginta
665 651 770 694 octo
787 648 964 708 pedum
978 646 1247 695 mensuram
1261 653 1309 695 et
1326 647 1533 709 capienti
1547 661 1636 708 pro
1658 647 1872 708 qualibet
1887 648 2021 708 pedis
2038 662 2168 695 men-

416 757 524 805 sura
559 764 766 819 quatuor
799 759 1017 806 denarios
1042 761 1290 806 extenden.
1320 760 1373 806 in
1405 759 1608 821 pecunia
1640 759 1703 806 ad
1735 758 1787 821 lij
1814 762 1849 806 3.
1873 759 1957 821 viij
1983 756 2030 805 d.
2098 758 2166 805 Et

417 873 648 918 allocatur
661 872 813 918 eidem
830 886 916 931 per
931 871 1266 918 liberacionem
1282 870 1458 918 factam
1475 869 1508 916 J
1509 870 1687 917 ohanni
1705 869 1887 917 Brown
1898 870 1951 916 111
1961 869 2167 917 Dounde

416 981 628 1028 lathomo
658 979 892 1042 Magistro
920 980 1245 1026 lathomorum
1284 981 1440 1041 operis
1469 981 1630 1042 pontis
1658 980 1838 1042 capien.
1872 995 1959 1042 per
1986 995 2166 1028 annum

417 1091 666 1138 duodecim
699 1104 879 1135 mercas
903 1104 933 1135 a
966 1089 1123 1149 primo
1144 1088 1332 1150 Aprilis
1367 1091 1481 1136 anni
1505 1097 1586 1137 *tc*
1611 1092 1659 1136 vc
1681 1087 1777 1153 ijz
1800 1091 1853 1137 in
1875 1091 2003 1138 diem
2025 1105 2168 1152 quar-

417 1206 522 1247 tum
557 1199 848 1260 Septembris
872 1200 986 1245 anni
1011 1205 1090 1245 *tc*
1114 1201 1163 1245 v‘
1185 1199 1271 1261 xiij
1303 1213 1363 1246 ex
1394 1214 1449 1246 eo
1479 1200 1608 1260 quod
1637 1214 1757 1260 opus
1786 1215 1960 1263 parum
1993 1202 2046 1248 in
2074 1201 2165 1249 hoc

340 1312 351 1321 '
416 1315 629 1370 tempore
652 1309 917 1369 perfectum
940 1307 1009 1356 est
1032 1324 1064 1356 x
1086 1310 1137 1356 li.
1175 1308 1247 1356 Et
1270 1310 1423 1356 eidem
1445 1308 1478 1355 J
1479 1310 1659 1356 ohanni
1682 1311 1894 1358 venienti
1917 1313 1976 1358 de
1989 1311 2166 1360 Dunde

416 1421 477 1467 ad
500 1420 818 1467 Dounkelden
841 1419 1031 1468 absente
1061 1421 1272 1468 Domino
1295 1426 1344 1468 et
1366 1422 1580 1469 rediunti
1600 1423 1653 1469 in
1676 1421 1924 1470 esculentis
1947 1429 1996 1470 et
2022 1438 2167 1484 pocu-

415 1531 557 1577 lentis
580 1546 679 1577 una
701 1531 803 1577 vice
826 1546 859 1577 x
882 1534 916 1576 3.
987 1531 1058 1578 Et
1087 1533 1318 1578 allocatur
1341 1531 1494 1578 eidem
1522 1547 1608 1592 per
1629 1532 1964 1581 liberacionem
1990 1533 2167 1581 factam

415 1641 448 1687 J
449 1642 627 1688 ohanni
672 1641 853 1688 Cowtis
893 1641 1107 1688 lathomo
1146 1657 1177 1687 a
1210 1642 1367 1702 primo
1405 1640 1438 1687 J
1440 1643 1627 1689 anuarii
1662 1643 1777 1689 anni
1812 1649 1893 1690 ‘³¹:0⁴
1916 1645 1966 1690 νο
1986 1639 2080 1706 xj¹¹²³
2114 1645 2168 1691 in

417 1752 622 1798 eundem
644 1752 770 1797 diem
791 1766 917 1798 anno
939 1752 1158 1798 revoluto
1181 1752 1361 1812 capien.
1386 1766 1475 1812 pro
1502 1752 1594 1799 1100
1616 1767 1742 1801 anno
1765 1754 2024 1800 octodecim
2046 1768 2169 1800 mer-

417 1877 509 1909 cas.
577 1861 647 1909 Et
669 1877 699 1908 a
721 1864 879 1923 primo
901 1861 934 1908 J
936 1863 1124 1909 anuarii
1147 1864 1261 1910 anni
1284 1869 1365 1911 *tc*
1389 1865 1438 1910 vc
1459 1860 1570 1927 xijmj
1593 1865 1646 1910 in
1667 1866 1871 1911 eundem
1893 1866 2021 1912 diem
2043 1880 2169 1912 anno

416 1972 635 2018 revoluto
658 1973 839 2032 capien.
861 1973 914 2019 111
945 1972 1037 2019 hoc
1063 1988 1190 2020 anno
1222 1979 1419 2034 propter
1451 1974 1684 2036 majorem
1718 1972 1956 2022 caristiam
1990 1976 2166 2038 viginti

417 2097 598 2129 mercas
621 2084 871 2129 extenden.
888 2083 941 2129 in
963 2083 1102 2129 totali
1124 2082 1308 2130 summa
1331 2084 1393 2130 ad
1414 2098 1515 2131 xxv
1531 2086 1581 2130 11.
1605 2085 1654 2146 vj
1680 2088 1715 2131 3.
1739 2085 1824 2147 viij
1850 2081 1896 2131 d.
1964 2084 2035 2131 Et
2056 2087 2171 2132 allo-

416 2197 554 2238 catur
592 2192 745 2238 eidem
784 2207 870 2253 per
908 2192 1243 2240 liberacionem
1279 2193 1457 2240 factam
1501 2194 1534 2240 J
1535 2194 1682 2242 acobo
1722 2194 1919 2242 Masone
1956 2195 2170 2243 lathomo

418 2304 649 2350 conducto
682 2318 768 2364 per
790 2318 972 2350 annum
994 2304 1238 2366 integrum
1266 2319 1354 2365 pro
1377 2305 1552 2367 viginti
1575 2305 1729 2352 tribus
1751 2306 1921 2352 mercis
1944 2321 1973 2352 a
1999 2306 2169 2366 quinto

419 2412 496 2457 die
517 2409 688 2459 menfis
713 2412 832 2475 Maij
860 2414 975 2461 anni
999 2420 1079 2460 *tc*
1106 2416 1155 2460 vc
1176 2410 1269 2476 xj¹²²¹j
1293 2414 1345 2461 in
1367 2415 1570 2461 eundem
1600 2415 1728 2461 diem
1757 2413 1966 2478 eJusdem
1998 2411 2170 2462 menfis

421 2520 535 2565 anni
559 2525 640 2566 e*tc*
663 2522 712 2566 vc
733 2518 864 2582 xiijmj
887 2519 1011 2568 xxxtj
1035 2524 1085 2569 li.
1109 2523 1194 2585 xiij
1221 2527 1256 2569 3.
1278 2494 1349 2585 iiij
1375 2519 1421 2569 d.
1468 2522 1538 2570 Et
1561 2529 1736 2571 extunc
1756 2524 1809 2570 in
1831 2525 1958 2570 diem
1980 2525 2172 2572 undeci-

418 2643 554 2675 mum
576 2627 747 2676 menfis
771 2629 1060 2678 Novembris
1087 2631 1434 2695 ejusdem.anni
1456 2633 1509 2679 ix
1530 2634 1579 2679 li.
1604 2634 1651 2696 vj
1678 2637 1714 2680 3.
1738 2634 1822 2697 viij
1847 2631 1895 2681 d.
1963 2634 2034 2682 Et
2055 2635 2170 2681 allo-

419 2744 557 2785 catur
584 2739 736 2785 eidem
770 2754 856 2800 per
887 2740 1219 2789 liberacionem
1253 2742 1430 2789 factam
1451 2741 1730 2791 Alexandro
1761 2744 1967 2806 Murray
1989 2751 2037 2792 et
2066 2745 2169 2807 ejus

418 2847 553 2896 servo
576 2850 807 2897 conducto
830 2850 1183 2913 imperpetuum
1207 2853 1269 2900 ad
1291 2868 1411 2914 opus
1443 2854 1604 2915 pontis
1627 2855 1806 2916 capien.
1840 2870 1928 2917 pro
1959 2852 2169 2915 utrisque

419 2958 740 3021 quadraginta
761 2974 943 3008 mercas
961 2963 1210 3016 annuatim
1233 2967 1282 3010 et
1299 2963 1409 3010 inde
1426 2977 1512 3023 per
1527 2963 1843 3026 grauiterium
1860 2935 1996 3025 xx‘i'iij
2017 2962 2165 3010 bollas
