2964 3892
909 516 1138 562 PONTIS
1166 516 1658 561 DUNKELDENSIS.
2097 523 2160 572 95

412 669 581 716 coloris
615 674 663 715 et
692 682 778 729 per
806 667 1046 715 Thomam
1075 667 1265 715 Towris
1295 682 1422 714 unus
1455 667 1594 730 niger
1627 679 1778 727 equus
1809 663 1861 711 et
1888 679 1975 725 per
1997 663 2163 711 Domi-

409 795 527 827 num
561 779 798 826 Comitem
828 780 887 826 de
917 778 1094 841 Ergyll
1123 793 1250 825 unus
1281 793 1431 839 equus
1461 778 1558 839 pile
1581 775 1646 824 lie
1659 775 1786 838 spyr
1807 780 1855 822 et
1877 789 1963 835 per
1984 773 2016 819 J
2018 773 2164 820 ohan-

411 905 521 937 nem
558 890 659 937 Ros
699 890 942 952 juniorem
982 889 1041 934 de
1076 888 1239 951 Cragy
1270 903 1398 935 unus
1433 902 1584 949 equus
1618 888 1756 935 albus
1790 892 1840 934 et
1873 901 1958 947 per
1997 885 2166 931 Domi-

414 1016 531 1048 num
559 999 592 1046 J
594 979 835 1047 ohannem¹
860 998 1067 1044 Stewart
1096 998 1300 1044 militem
1330 1013 1457 1045 unus
1489 1014 1642 1060 equus
1670 999 1807 1045 albus
1839 1003 1888 1044 et
1909 1011 1995 1057 per
2016 995 2167 1042 Deca-

415 1125 532 1157 num
571 1105 984 1155 Dounkeldensem
1025 1113 1124 1153 tres
1164 1107 1274 1167 equi
1308 1108 1436 1169 nigri
1470 1113 1519 1154 et
1552 1123 1638 1168 per
1673 1108 1922 1155 Vicarium
1957 1108 2016 1154 de
2050 1106 2167 1153 Ret-

415 1227 525 1280 tray
546 1218 810 1265 Dominum
834 1216 1153 1263 Willielmum
1177 1215 1340 1263 Lacok
1363 1232 1488 1264 unus
1511 1218 1650 1280 niger
1672 1233 1837 1279 equus.
1905 1217 1975 1265 Et
1997 1219 2167 1265 alloca-

415 1336 497 1377 tur
526 1328 820 1389 compotanti
848 1342 934 1387 per
961 1326 1294 1373 liberacionem
1323 1326 1501 1374 fac‘tam
1527 1325 1675 1373 servis
1702 1328 1939 1374 dictorum
1970 1327 2166 1374 Domini

1918 1408 1952 1427 01

418 1551 650 1596 allocatur
666 1548 819 1594 eidem
837 1561 923 1607 per
945 1547 1241 1607 empcionem
1265 1552 1458 1593 centum
1480 1547 1685 1609 triginta
1705 1545 1786 1593 sex
1812 1544 2034 1594 deeis
2054 1547 2170 1594 ferri

419 1663 552 1709 vario
575 1662 733 1723 precio
763 1661 815 1706 in
846 1659 1049 1720 pecunia
1069 1659 1190 1721 xxiij
1216 1660 1265 1705 li.
1289 1659 1371 1721 xvj
1398 1662 1434 1706 ἔ.
1456 1631 1527 1721 111]
1553 1657 1600 1706 d.
1667 1659 1738 1706 Et
1760 1661 1991 1707 allocatur
2016 1662 2171 1708 eidem

419 1787 505 1833 per
539 1771 831 1832 empcionem
865 1770 1069 1832 triginta
1098 1770 1242 1816 unius
1273 1775 1520 1830 petrarum
1553 1770 1670 1817 ferri
1700 1786 1809 1817 cum
1839 1772 2078 1832 portitura
2113 1788 2173 1818 ex

631 1851 664 1870 ΟΥ

419 1992 793 2052 quingentorum
816 1995 866 2036 et
894 1990 1102 2036 duorum
1134 1988 1374 2037 serrorum
1402 1990 1686 2051 equinorum
1715 1992 1851 2038 vario
1881 1993 2055 2052 precio,
2088 2007 2174 2052 per

420 2110 610 2163 tempus
633 2103 841 2163 compoti
863 2116 897 2148 x
917 2103 968 2148 li.
991 2073 1062 2164 i‘i'ij
1089 2107 1123 2150 ἔ.
1147 2118 1181 2149 x
1207 2100 1254 2149 d.
1335 2102 1404 2149 Et
1426 2117 1514 2163 per
1537 2104 1829 2163 empcionem
1860 2103 2063 2166 triginta
2094 2103 2174 2151 sex

419 2215 657 2261 ferrorum
691 2227 801 2260 cum
835 2213 983 2260 clauis
1016 2213 1068 2259 ix
1100 2216 1136 2259 ἓ.
1223 2212 1293 2259 Et
1327 2215 1559 2261 allocatur
1592 2214 1745 2260 eidem
1778 2215 1828 2260 in
1864 2214 2173 2262 ferracionem

422 2330 637 2372 rotarum.
664 2324 888 2370 redarum
923 2324 1080 2383 primo
1109 2325 1240 2384 apud
1273 2323 1447 2371 Pertht
1473 2326 1526 2371 in
1553 2321 1752 2386 fingulis
1779 2323 1947 2371 ferreis
1977 2324 2175 2373 neceffa-

422 2435 506 2480 riis
530 2435 582 2496 iij
606 2435 657 2480 11.
681 2434 781 2496 xvij
808 2437 843 2480 ἔ.
867 2434 916 2495 vj
940 2431 986 2482 d.
1049 2434 1120 2481 Et
1145 2436 1376 2482 allocatur
1399 2435 1551 2481 eidem
1574 2448 1661 2494 per
1683 2435 1976 2494 empcionem
1999 2436 2174 2498 viginti

422 2544 599 2604 septem
630 2558 899 2606 vangarum
926 2544 1192 2592 ferreorum
1220 2546 1355 2592 vario
1388 2546 1546 2605 precio
1574 2545 1661 2607 xiij
1700 2549 1735 2591 ἔ.
1767 2545 1816 2607 vj
1841 2541 1888 2591 d.
1957 2545 2027 2592 Et
2061 2549 2175 2594 allo-

423 2661 560 2702 catur
605 2655 758 2700 eidem
803 2668 890 2714 per
934 2617 1227 2715 empeionem
1273 2656 1475 2718 triginta
1519 2654 1695 2716 septem
1739 2655 1867 2702 ferra
1907 2671 2171 2720 vangarum

423 2766 580 2826 precio
620 2765 835 2812 omnium
875 2765 976 2827 xvij
1014 2768 1051 2811 ἔ.
1091 2766 1163 2827 111]-
1194 2763 1241 2812 d.
1309 2765 1379 2812 Et
1421 2765 1501 2812 sex
1543 2766 1672 2813 ferra
1710 2781 1977 2830 vangarum
2015 2769 2172 2828 precio

421 2877 472 2938 iij
499 2880 534 2924 ἔ.
559 2875 606 2937 vj
633 2872 679 2921 d.
748 2875 817 2922 Et
840 2876 1071 2922 allocatur
1096 2876 1248 2923 eidem
1277 2891 1363 2937 per
1392 2877 1685 2937 empcionem
1720 2878 1996 2941 octuaginta
2027 2875 2171 2932 unius

419 2987 968 3053 serrorumntribulorum
989 2988 1154 3047 precio
1175 2988 1309 3049 xxvij
1337 2990 1370 3033 ἔ.
1395 2988 1443 3050 vj
1468 2985 1514 3034 d.
1568 2986 1639 3035 Et
1662 2990 1908 3044 duodecim
1932 2989 2166 3036 ferrorum
