2964 3892
956 526 1177 572 PONTIS
1206 525 1706 572 DUNKELDENSIS.
2098 536 2189 580 131

505 672 825 721 EXPENSE
856 674 1063 738 ejusdem
1115 676 1175 723 In
1197 677 1365 737 primis
1389 678 1620 723 allocatur
1642 676 1949 736 Compotanti
1974 690 2056 736 per
2077 677 2193 723 libe-

438 784 673 830 racionem
693 785 869 832 factam
887 780 1150 832 Willielmo
1168 786 1496 848 Rodinghaim
1515 785 1721 848 Georgio
1737 785 1925 845 Bernys
1941 791 1990 830 et
2006 785 2191 831 Thome

438 891 706 940 Thomsone
739 896 919 957 aurigis
951 911 1006 942 ac
1034 897 1140 942 aliis
1163 897 1215 941 in
1240 897 1500 943 eorundem
1523 896 1638 942 locis
1662 897 1723 942 ad
1746 897 2043 942 voluntatem
2067 910 2192 941 com-

436 1005 646 1061 potantis
677 1005 874 1050 mutatis
903 1020 990 1064 per
1020 1011 1209 1064 tempus
1242 1006 1449 1065 compoti
1481 1021 1510 1051 a
1539 1002 1896 1067 vigefimosexto
1920 1006 1996 1051 die
2019 1002 2189 1051 menfis

434 1112 722 1160 Novembris
745 1111 971 1160 inclufive
1003 1129 1130 1159 anno
1154 1121 1233 1159 *tc*
1259 1116 1307 1159 νο
1331 1115 1682 1174 decimoquinto
1705 1115 1757 1161 in
1781 1116 1907 1160 diem
1931 1115 2189 1161 decimum-

432 1238 611 1268 nonum
635 1220 806 1268 mensis
831 1222 1053 1269 Octobris
1076 1219 1302 1268 inclufive
1333 1237 1458 1269 anno
1482 1230 1562 1269 *tc*
1589 1225 1636 1269 vc
1660 1223 1973 1271 decimosexto
2005 1227 2185 1285 capien.

434 1331 645 1390 quolibet
667 1346 753 1391 per
776 1347 955 1378 annum
979 1332 1195 1377 modium
1213 1332 1393 1378 farrine
1415 1333 1467 1377 in
1489 1331 1752 1392 septimana
1773 1338 1822 1379 et
1837 1334 2188 1396 quinquaginta

434 1437 603 1485 solidos
639 1433 690 1485 in
725 1455 852 1486 anno
885 1411 954 1501 iioi}
982 1441 1030 1485 li.
1055 1441 1141 1502 xiij
1169 1444 1203 1486 ἔ.
1272 1440 1342 1487 Et
1365 1456 1394 1486 a
1417 1442 1544 1486 dicto
1568 1442 1878 1487 decimonono
1910 1442 1987 1487 die
2016 1440 2186 1489 menfis

433 1550 655 1597 Octobris
690 1548 923 1597 exclufive
963 1552 1015 1596 in
1049 1552 1175 1597 diem
1216 1550 1444 1611 presentis
1485 1552 1694 1611 compoti
1732 1550 1958 1598 inclufive
1999 1552 2184 1599 Thome

434 1660 597 1706 Sawer
637 1666 685 1706 et
717 1660 982 1706 Willielmo
1023 1660 1348 1722 Rodinghaim
1390 1661 1572 1722 aurigis
1614 1661 1910 1721 capientibus
1950 1667 2006 1707 ut
2044 1660 2188 1723 supra

430 1771 580 1831 xxxvj
607 1773 641 1815 ἔ.
666 1770 717 1831 iij
744 1767 789 1815 d.
858 1769 928 1816 Et
951 1771 1182 1816 allocatur
1205 1771 1358 1816 eidem
1382 1785 1467 1830 per
1489 1771 1822 1817 liberacionem
1851 1771 2027 1818 factam
2051 1772 2184 1819 Wal-

429 1887 531 1926 tero
555 1879 663 1926 Duf
687 1881 984 1940 carpentario
1007 1895 1095 1940 pro
1119 1880 1408 1926 confectione
1432 1881 1596 1926 axium
1619 1881 1865 1927 Redarum
1886 1897 1972 1941 per
1994 1887 2183 1942 tempus

430 1990 636 2049 compoti
660 1990 725 2051 vij
754 1994 787 2035 ἔ.
812 2005 846 2035 x
869 1987 915 2036 d.
984 1989 1055 2036 Et
1086 1989 1329 2050 Stephano
1360 1989 1598 2051 Lindesay
1620 2005 1708 2050 pro
1731 1992 1954 2038 ductione
1977 1993 2182 2038 duorum

430 2100 634 2145 millium
666 2105 856 2145 centum
887 2106 935 2146 et
964 2106 1171 2160 quatuor
1203 2115 1404 2146 onerum
1436 2114 1690 2145 arenarum
1722 2115 1808 2160 per
1837 2102 1962 2147 idem
1994 2106 2182 2162 tempus

427 2207 586 2266 precio
626 2208 782 2253 oneris
821 2207 987 2254 obolus
1024 2208 1275 2254 extenden.
1319 2209 1372 2253 in
1408 2209 1546 2254 totali
1577 2209 1779 2267 pecunia
1811 2210 1871 2255 ad
1901 2181 1971 2270 iiij
1997 2211 2046 2255 li.
2072 2211 2118 2271 vj
2146 2214 2180 2255 ἓ.

426 2332 459 2362 x
482 2314 528 2363 d.
597 2317 667 2363 Et
698 2318 928 2364 allocatur
959 2318 1111 2363 eidem
1143 2318 1195 2363 in
1228 2319 1520 2377 empcionem
1544 2324 1751 2378 quatuor
1773 2320 2039 2365 celdrarum
2063 2321 2180 2366 duo-

427 2427 579 2472 decim
612 2427 848 2472 bollarum
879 2433 927 2472 et
957 2428 1101 2473 unius
1125 2427 1273 2488 modij
1294 2442 1555 2474 avenarum
1578 2429 1639 2474 ad
1663 2430 1858 2474 veredos
1883 2429 2002 2491 varij
2028 2431 2174 2492 precij

423 2535 490 2596 xij
517 2533 566 2580 li.
590 2536 640 2580 ix
657 2532 703 2580 d.
760 2534 831 2581 Et
852 2537 903 2581 in
927 2537 1220 2596 empcionem
1244 2542 1349 2583 octo
1372 2537 1606 2583 bollarum
1630 2534 1693 2583 lie
1715 2535 1838 2584 bran
1860 2554 1949 2599 pro
1971 2539 2175 2599 panibus

423 2643 663 2705 pinsandis
688 2646 881 2691 verudis
911 2660 997 2705 per
1019 2651 1208 2705 tempus
1231 2648 1438 2707 compoti
1462 2647 1543 2708 xvj
1571 2651 1604 2693 ἔ.
1675 2647 1744 2695 Et
1767 2650 1998 2695 allocatur
2020 2652 2173 2697 eidem

422 2756 473 2800 in
496 2755 789 2815 empcionem
807 2755 1130 2817 quadraginta
1150 2754 1325 2818 septem
1351 2753 1416 2802 lie
1439 2753 1675 2803 barrowis
1690 2758 1939 2819 virgarum
1962 2775 2050 2819 pro
2073 2758 2174 2821 ges-

418 2865 576 2910 tandis
600 2864 838 2924 lapidibus
857 2866 981 2911 circa
1003 2870 1198 2925 pontem
1223 2881 1309 2926 per
1330 2871 1521 2927 tempus
1545 2868 1753 2927 compoti
1778 2868 1860 2930 viij
1888 2871 1921 2914 ἔ.
1946 2884 1979 2914 v
1999 2866 2045 2914 d.
2102 2869 2171 2915 Et

417 2974 467 3018 in
485 2975 778 3035 empcionem
802 2976 953 3022 trium
978 2972 1043 3021 lie
1065 2971 1306 3022 hellebras
1328 2977 1388 3023 ad
1406 2978 1611 3025 verudos
1629 2978 1676 3039 vj
1698 2980 1732 3023 ἔ.
1755 2992 1843 3037 pro
1861 2993 1959 3024 una
1971 2979 2170 3040 chopeta
