2964 3892
830 530 923 573 104
1213 526 1572 571 COMPOTUM
1602 526 1911 570 MAGISTRI
1940 525 2211 571 FABRICE

828 673 1039 734 lapidum
1067 675 1324 720 muralium
1353 676 1414 721 ad
1442 689 1561 735 opus
1592 675 1750 735 pontis
1780 688 1889 720 cum
1916 671 2199 734 quibusdam
2222 674 2347 720 circa
2368 673 2567 721 chorum

828 780 1012 830 eeclefie
1035 783 1318 831 Dunkelden
1341 785 1402 831 ad
1425 784 1580 830 oriens
1605 789 1654 829 ct
1676 783 1869 829 boream
1892 784 2059 829 locatis
2075 788 2123 829 et
2136 783 2243 829 aliis
2265 781 2432 829 subtus
2450 783 2572 830 Tul-

828 893 1013 954 lymuly
1045 908 1193 954 prope
1226 899 1483 939 torrentem
1517 893 1601 954 viij
1635 893 1684 939 li.
1710 893 1776 956 xij
1804 897 1839 939 ἔ.
1863 894 1911 955 vj
1937 890 1984 939 d.
2044 892 2113 939 Et
2148 894 2377 939 allocatur
2416 892 2569 938 eidem

827 1015 913 1061 per
939 1003 1228 1062 empcionem
1259 1003 1455 1062 pellium
1486 1003 1770 1064 equinarum
1803 1004 2116 1050 vitulinarum
2146 1009 2194 1048 et
2217 1003 2420 1049 aliarum
2445 1003 2574 1049 acin

827 1110 1084 1156 mercedem
1115 1110 1289 1158 laboris
1320 1109 1536 1158 sutorum
1567 1113 1677 1159 inde
1699 1111 1976 1159 facientium
1999 1112 2189 1172 piphias
2212 1127 2266 1158 ac
2291 1110 2357 1158 lie
2373 1110 2573 1173 Noppz‘s

826 1225 874 1266 et
895 1221 1227 1267 correctionem
1253 1221 1528 1282 piphiarum
1552 1237 1638 1283 per
1660 1228 1848 1283 tempus
1871 1223 2078 1283 compoti
2108 1223 2244 1285 xlviij
2271 1226 2306 1269 ἔ.
2331 1238 2365 1269 x
2386 1220 2432 1269 d.
2503 1221 2571 1269 Et

824 1330 1052 1377 allocatur
1068 1330 1219 1376 eidem
1244 1345 1329 1392 per
1346 1333 1636 1392 empcionem
1660 1330 1949 1393 postelarum
1973 1339 2022 1380 et
2043 1331 2108 1378 lie
2128 1330 2275 1380 Polis
2293 1334 2352 1380 ad
2373 1334 2570 1380 veredos

824 1455 909 1500 per
938 1447 1125 1501 tempus
1154 1443 1359 1502 compoti
1391 1442 1438 1503 vj
1469 1446 1504 1488 ἓ.
1534 1443 1619 1504 viij
1649 1440 1696 1488 d.
1765 1442 1835 1490 Et
1867 1445 2099 1491 allocatur
2132 1445 2285 1491 eidem
2319 1459 2405 1505 per
2438 1459 2568 1505 emp·

825 1551 1005 1597 cionem
1033 1551 1193 1611 pabuli
1222 1551 1282 1597 ad
1312 1553 1508 1598 veredos
1539 1567 1625 1612 per
1655 1559 1843 1613 tempus
1874 1555 2082 1614 compoti
2113 1569 2319 1600 unacum
2353 1550 2567 1615 expenfls

824 1660 1124 1718 portantibus
1155 1660 1281 1707 idem
1313 1662 1373 1708 ad
1406 1662 1602 1708 veredos
1633 1676 1717 1722 per
1746 1663 1874 1708 idem
1904 1669 2094 1723 tempus
2126 1664 2332 1724 compoti
2355 1665 2505 1725 xxxvj
2531 1667 2566 1709 ἔ.

826 1770 888 1831 vij
930 1767 975 1815 d.
1075 1770 1143 1817 Et
1180 1772 1411 1818 allocatur
1449 1773 1601 1818 eidem
1642 1786 1727 1833 per
1765 1773 2098 1820 liberacionem
2141 1773 2317 1820 factam
2356 1772 2566 1821 Domino

827 1878 1022 1942 Hugoni
1047 1879 1179 1941 Gray
1200 1880 1409 1941 prefecto
1432 1883 1587 1942 operis
1610 1882 1668 1928 de
1691 1883 1917 1930 mandato
1938 1884 2120 1930 domini
2146 1885 2208 1930 ad
2230 1898 2414 1944 pannos
2435 1882 2511 1930 ΧΓ)
2529 1887 2563 1930 ἔ.

825 1988 891 2037 Et
925 1989 1132 2038 Domino
1164 1991 1196 2037 J
1198 1992 1343 2039 acobo
1380 1990 1657 2039 Henderson
1691 1994 1828 2040 alteri
1862 1994 2072 2055 prefecto
2101 1995 2257 2055 operis
2286 2009 2375 2055 pro
2402 1994 2567 2041 tabula

824 2098 906 2145 sua
933 2114 1018 2159 per
1046 2099 1305 2147 absenciam
1337 2102 1516 2147 domini
1540 2108 1588 2147 et
1609 2108 1798 2162 tempus
1821 2105 2027 2163 compoti
2051 2104 2099 2165 vj
2126 2105 2176 2150 li.
2201 2118 2234 2150 v
2256 2108 2291 2150 ἔ.
2360 2103 2430 2150 Et
2452 2105 2567 2151 allo-

823 2215 957 2255 catur
978 2212 1130 2256 eidem
1153 2226 1238 2271 per
1259 2212 1550 2271 empcionem
1574 2213 1635 2257 ad
1658 2213 1854 2259 veredos
1884 2214 1942 2259 de
1973 2214 2125 2276 xxviij
2133 2211 2431 2273 schailcillis
2453 2215 2568 2260 deli-

822 2319 993 2365 beratis
1026 2316 1206 2366 custodi
1240 2320 1291 2365 in
1325 2318 1470 2367 estate
1503 2291 1606 2382 Χίῗῇ
1645 2317 1691 2366 d.
1759 2318 1830 2367 Et
1865 2336 1953 2382 per
1985 2323 2276 2383 empcionem
2317 2323 2465 2369 trium
2501 2320 2567 2369 lie

828 2427 987 2474 Sewis
1008 2429 1067 2474 ad
1090 2430 1417 2475 mundandum
1441 2444 1633 2477 arenam
1659 2431 1746 2493 xiij
1770 2428 1818 2477 d.
1885 2430 1955 2478 Et
1987 2446 2074 2492 per
2094 2433 2385 2492 empcionem
2410 2431 2567 2495 smyg-

822 2538 963 2583 matis
985 2543 1034 2583 et
1055 2536 1244 2585 sulfuris
1267 2540 1326 2586 ad
1360 2554 1537 2600 equum
1565 2547 1787 2588 vocatum
1823 2540 1939 2588 blak
1964 2542 2136 2589 towris
2157 2541 2413 2589 scabiosum
2444 2545 2494 2605 xj
2520 2542 2566 2590 d.

822 2644 891 2692 Et
912 2660 998 2706 per
1019 2648 1307 2707 empcionem
1324 2656 1529 2710 quatuor
1554 2649 1620 2697 lie
1623 2650 1858 2714 stcoippis
1874 2654 1935 2699 ad
1951 2654 2212 2713 querellam
2234 2655 2392 2714 precio
2411 2656 2563 2701 omni-

823 2767 904 2800 um
926 2725 1030 2815 x‘fiij
1054 2751 1100 2800 d.
1168 2753 1238 2801 Et
1259 2757 1408 2803 eidem
1431 2773 1516 2819 per
1537 2760 1828 2821 empcionem
1850 2759 2209 2809 neceflariorum
2232 2762 2294 2808 ad
2325 2759 2561 2809 stabulum

823 2863 1103 2910 veredorum
1124 2865 1175 2911 in
1197 2863 1482 2913 Dunkelden
1504 2883 1591 2928 pro
1620 2870 1776 2930 primo
1802 2886 1928 2918 anno
1949 2877 2000 2918 et
2021 2885 2187 2918 eorum
2209 2868 2424 2932 expensis
2457 2871 2566 2918 mis-

822 2970 977 3020 sorum
1000 2974 1060 3020 ad
1084 2972 1257 3022 Pertht
1277 2989 1365 3035 pro
1387 2976 1681 3037 imponendis
1702 2978 1843 3027 ferris
1863 2978 2003 3041 super
2023 2982 2143 3028 rotis
2164 2982 2388 3031 redarum
2405 2983 2506 3044 xvij
2527 2986 2561 3029 ἔ.
