2964 3892
780 548 874 594 134
1162 538 1514 585 COMPOTUM
1543 532 1850 580 MAGISTRI
1878 530 2144 576 FABRICE

781 699 861 738 tur
893 690 1044 737 eidem
1078 690 1128 735 in
1162 688 1450 749 empcionem
1484 681 1548 729 lie
1574 679 1707 744 drus
1736 681 1798 726 ad
1837 680 2040 725 verudos
2079 685 2291 738 tempore
2330 676 2512 725 estivali

781 799 1099 847 deficientibus
1123 797 1283 843 avenis
1306 794 1461 841 medio
1483 793 1576 838 diei
1600 790 1650 837 in
1678 787 1741 835 lie
1765 786 1867 834 hait
1894 788 1942 851 xj
1969 792 2004 834 ἔ.
2027 802 2060 833 x
2082 784 2128 833 d.
2195 786 2265 832 Et
2288 786 2516 834 allocatur

780 909 929 955 eidem
954 910 1004 955 in
1027 906 1312 967 empcionem
1337 904 1539 948 duorum
1565 914 1794 961 equorum
1819 900 1879 945 ad
1902 896 2072 960 bighas
2091 912 2123 942 v
2139 897 2189 942 li.
2209 896 2290 957 xvj
2312 898 2347 941 ἔ.
2366 895 2450 957 viij
2469 892 2514 941 d.

783 1016 851 1064 Et
874 1018 922 1063 in
947 1011 1156 1075 expensis
1180 1012 1492 1072 compotantis
1516 1009 1773 1071 equitantis
1797 1010 1857 1055 ad
1879 1008 2038 1054 forum
2061 1003 2410 1052 Dumblanense
2427 1020 2515 1066 pro

778 1123 943 1173 eisdem
977 1125 1109 1185 equis
1140 1122 1348 1169 emendis
1373 1136 1403 1167 v
1426 1125 1460 1166 ἔ.
1529 1120 1598 1166 Et
1621 1120 1771 1166 eidem
1794 1119 1844 1165 in
1867 1117 1962 1164 suis
1987 1114 2197 1177 expensis
2221 1115 2430 1162 venienti
2455 1116 2514 1161 ad

778 1234 946 1281 Pertht
967 1249 1054 1294 pro
1076 1233 1275 1294 pecunia
1297 1232 1356 1277 ad
1374 1228 1727 1277 sustentandum
1746 1244 1864 1290 opus
1883 1230 1941 1275 ad
1959 1229 2077 1274 duos
2096 1242 2244 1274 annos
2264 1227 2514 1287 preteritos

779 1346 828 1391 in
851 1344 974 1390 diem
999 1342 1225 1403 presentis
1249 1342 1453 1402 compoti
1478 1340 1562 1401 xlij
1589 1344 1624 1385 ἔ.
1692 1338 1761 1385 Et
1791 1340 2020 1385 allocatur
2051 1338 2201 1384 eidem
2232 1337 2283 1382 in
2314 1336 2517 1396 empcio-

776 1468 883 1499 nem
920 1453 1194 1515 octuaginta
1230 1450 1425 1497 sedecim
1462 1448 1745 1496 frustrorum
1783 1448 1896 1495 ferri
1938 1449 2094 1508 precio
2133 1444 2298 1493 frustri
2338 1444 2512 1506 septem

776 1562 954 1608 denarii
981 1562 1227 1607 extenden.
1252 1561 1300 1605 in
1325 1560 1524 1616 pecunia
1546 1560 1606 1604 ad
1636 1558 1755 1620 xviij
1780 1561 1814 1603 ἔ.
1839 1558 1922 1618 viij
1949 1555 1995 1602 d.
2064 1556 2132 1602 Et
2154 1557 2205 1601 in
2227 1553 2294 1601 lie
2316 1553 2514 1615 uncqste‘s

774 1671 1024 1717 eorundem
1050 1670 1100 1731 iij
1127 1673 1160 1715 ἔ.
1185 1684 1217 1714 v
1240 1665 1286 1714 d.
1358 1668 1426 1714 Et
1451 1670 1680 1714 allocatur
1708 1668 1856 1713 eidem
1887 1667 1937 1712 in
1968 1666 2260 1726 empcionem
2293 1665 2515 1711 tricento-

776 1795 882 1827 rum
916 1779 1159 1842 sexaginta
1190 1780 1340 1825 decim
1372 1778 1607 1824 serrorum
1641 1793 1871 1839 equorum
1904 1791 2011 1823 cum
2043 1776 2188 1821 clavis
2215 1790 2301 1836 per
2322 1781 2511 1835 tempus

773 1889 974 1948 compoti
999 1888 1117 1948 varij
1144 1887 1287 1947 precij
1314 1886 1560 1933 extenden.
1585 1886 1636 1932 in
1659 1886 1858 1946 pecunia
1880 1885 1941 1931 ad
1965 1857 2033 1946 iiij
2055 1885 2104 1930 li.
2123 1856 2227 1945 xi'irij
2248 1886 2284 1929 ἔ.
2301 1883 2323 1945 j
2343 1880 2390 1929 d.
2441 1882 2510 1930 Et

774 2000 825 2043 in
856 1997 1160 2043 ferracionem
1192 1998 1394 2042 duorum
1426 1997 1614 2055 parium
1645 1997 1866 2042 redarum
1898 2009 1984 2055 per
2014 2001 2201 2055 tempus
2227 1995 2433 2054 compoti
2456 2009 2511 2040 ac

775 2105 1109 2152 confectionem
1142 2103 1339 2151 sedecim
1373 2112 1615 2164 petrarum
1650 2105 1764 2151 ferri
1799 2107 1850 2151 in
1884 2106 2139 2151 earundem
2178 2104 2317 2151 ferris
2353 2105 2511 2164 precio

774 2211 1019 2274 cujussibet
1041 2214 1163 2273 petri
1188 2226 1219 2258 v
1242 2216 1276 2259 ἔ.
1300 2185 1369 2274 iii}
1395 2209 1440 2258 d.
1465 2213 1610 2258 unius
1638 2218 1686 2259 et
1709 2213 1905 2259 alterius
1928 2227 1959 2258 v
1983 2215 2018 2258 ἔ.
2043 2214 2090 2273 vj
2117 2208 2163 2257 d.
2188 2212 2436 2258 extenden.
2459 2212 2511 2258 in

775 2322 972 2381 pecunia
1004 2321 1064 2367 ad
1098 2292 1166 2382 i‘i‘ij
1199 2321 1248 2366 li.
1279 2320 1363 2381 viij
1397 2324 1430 2366 ἔ.
1500 2320 1570 2367 Et
1604 2321 1833 2367 allocatur
1867 2321 2019 2366 eidem
2058 2335 2144 2380 per
2182 2319 2511 2366 liberacionem

774 2430 945 2477 factam
976 2430 1249 2477 Alexandro
1282 2430 1476 2491 Smytht
1510 2430 1645 2478 fabro
1685 2431 1736 2476 in
1766 2429 2082 2477 Dounkelden
2110 2444 2197 2490 pro
2226 2429 2512 2476 correctione

774 2538 1006 2586 serrorum
1029 2541 1248 2586 redarum
1272 2541 1330 2586 de
1357 2555 1483 2586 novo
1513 2540 1640 2587 ferro
1671 2541 1984 2601 compotantis
2016 2545 2064 2586 et
2095 2539 2293 2600 antiquo
2323 2553 2512 2599 compo-

775 2646 920 2694 tantis
943 2661 1026 2707 per
1047 2653 1232 2707 tempus
1256 2650 1460 2709 compoti
1485 2649 1571 2710 xiij
1598 2652 1633 2695 ἔ.
1657 2619 1727 2711 iiij
1747 2645 1793 2694 d.
1851 2647 1920 2695 Et
1942 2648 2095 2695 eidem
2118 2663 2206 2708 pro
2229 2644 2293 2693 lie
2309 2644 2511 2694 remonis

774 2754 1007 2802 serrorum
1040 2756 1324 2802 verudorum
1354 2770 1439 2816 per
1468 2763 1656 2818 tempus
1688 2757 1894 2818 compoti
1919 2756 1968 2819 vj
1995 2759 2030 2803 ἔ.
2053 2727 2123 2818 iiij
2148 2752 2195 2802 d.
2263 2754 2332 2803 Et
2356 2756 2505 2803 eidem

774 2877 861 2923 pro
882 2863 1169 2911 confectione
1191 2861 1254 2910 lie
1275 2862 1458 2925 boschis
1479 2868 1699 2913 redarum
1724 2873 1772 2914 et
1795 2866 2081 2914 correctione
2100 2865 2406 2927 antiquarum
2423 2879 2509 2925 per

773 2973 896 3020 idem
919 2981 1106 3035 tempus
1130 2974 1189 3022 de
1210 2974 1338 3022 ferro
1361 2973 1519 3023 nostro
1542 2977 1607 3038 vij
1634 2980 1669 3023 ἓ.
1692 2991 1725 3023 v
1746 2973 1793 3023 d.
1862 2975 1931 3023 Et
1952 2976 2184 3023 allocatur
2216 2975 2509 3038 compotanti
