2964 3892
958 537 1184 581 PONTIS
1213 536 1713 581 DUNKELDENSIS.
2120 546 2214 594 139

470 685 539 732 Et
561 701 589 732 a
607 687 734 732 dicto
757 687 1065 732 decimonono
1083 687 1303 733 Octobris
1326 683 1552 732 inclusive
1575 686 1690 732 anni
1714 687 1914 746 predicti
1928 687 1979 731 in
1996 687 2122 732 diem
2145 689 2216 733 vi-

468 793 698 857 gefimum
722 797 944 857 quintum
967 795 1000 841 J
1002 798 1186 859 anuarij
1214 796 1421 859 ejusdem
1445 798 1559 844 anni
1583 794 1815 843 exclusive
1842 796 2137 856 capientibus
2159 803 2216 842 ut

467 903 608 965 supra
629 906 839 965 quinque
858 905 1085 965 operariis
1103 905 1173 967 liij
1194 908 1229 951 ἔ.
1247 878 1317 968 ifi‘j
1343 902 1389 951 d.
1424 905 1494 952 Et
1511 905 1732 951 Findlaio
1750 911 1798 951 et
1814 904 1846 950 J
1849 905 2026 951 ohanni
2044 904 2216 966 Symp-

467 1011 576 1059 sone
599 1019 793 1074 propter
817 1015 1075 1060 eorundem
1099 1012 1406 1061 affeduetates
1429 1016 1480 1062 in
1497 1017 1708 1076 querella
1729 1017 1859 1062 ultra
1882 1016 1998 1061 alios
2020 1029 2055 1060 x
2078 1018 2112 1061 ἔ.
2147 1013 2217 1060 Et

467 1125 697 1170 allocatur
727 1125 1018 1184 compotanti
1047 1124 1098 1170 in
1130 1125 1422 1184 empcionem
1452 1126 1659 1171 duorum
1693 1127 1898 1171 millium
1927 1123 2216 1187 septinginta

468 1235 818 1296 quinquaginta
841 1248 1016 1280 novem
1041 1248 1239 1280 onerum
1263 1235 1477 1294 lapidum
1502 1236 1761 1281 muralium
1784 1251 1868 1296 per
1885 1242 2074 1296 tempus
2092 1250 2218 1282 com-

466 1344 568 1404 poti
589 1344 640 1405 xj
666 1344 715 1389 li.
738 1343 823 1405 xiij
850 1344 885 1388 ἔ.
910 1343 962 1404 iij
988 1340 1035 1389 d.
1103 1343 1173 1390 Et
1203 1345 1435 1391 allocatur
1464 1346 1616 1392 eidem
1646 1361 1731 1405 per
1760 1346 2093 1392 liberacionem
2121 1347 2218 1392 fac-

467 1459 567 1500 tam
585 1453 797 1500 Roberto
815 1452 982 1500 Mason
1001 1454 1059 1502 de
1077 1454 1240 1515 Cupro
1257 1470 1342 1516 per
1359 1461 1456 1502 tres
1474 1454 1759 1515 septimanas
1778 1453 1997 1501 existenti
2016 1458 2076 1502 ad
2095 1471 2214 1516 opus

465 1564 625 1624 pontis
648 1561 769 1609 xxxtj
794 1568 827 1609 ἔ.
896 1563 965 1610 Et
1003 1580 1088 1625 per
1126 1565 1460 1611 liberacionem
1494 1565 1669 1611 factam
1708 1565 1740 1610 J
1742 1566 1920 1612 ohanni
1958 1566 2125 1613 Mason
2160 1568 2218 1612 de

469 1671 685 1720 Cartufia
708 1689 795 1734 pro
821 1673 866 1720 se
889 1682 937 1720 et
959 1673 1042 1720 suo
1063 1674 1244 1720 famulo
1268 1690 1354 1735 per
1371 1680 1580 1735 quatuor
1596 1673 1884 1735 septimanas
1901 1673 2118 1722 similiter
2135 1691 2217 1722 ex-

380 1768 384 1775 *
467 1781 624 1830 istenti
655 1785 715 1830 ad
744 1786 925 1830 dictum
956 1800 1076 1845 opus
1105 1785 1138 1846 lj
1165 1786 1200 1830 ἔ.
1268 1784 1339 1830 Et
1373 1783 1583 1844 ipsorum
1614 1785 1850 1831 serrorum
1885 1787 2014 1847 apud
2043 1786 2217 1833 Pertht

468 1893 723 1955 bajulatori
749 1894 832 1955 viij
853 1891 898 1940 d.
966 1893 1037 1940 Et
1059 1895 1290 1941 allocatur
1308 1894 1460 1941 eidem
1485 1910 1571 1955 per
1588 1896 1921 1943 liberacionem
1943 1897 2119 1944 factam
2136 1897 2169 1943 J
2170 1913 2219 1944 a-

465 2003 581 2048 cobo
605 2001 797 2049 Forrest
828 2010 876 2050 et
899 2002 1177 2050 Alexandro
1202 2001 1484 2050 Henderson
1519 2000 1583 2050 lie
1600 2002 1794 2062 fillarz's
1828 1991 1916 2066 pro
1951 2022 2050 2052 una
2078 2005 2219 2067 septi-

465 2127 607 2159 mana
629 2119 677 2159 et
699 2113 853 2159 tribus
877 2114 1044 2159 diebus
1073 2114 1134 2159 ad
1165 2114 1293 2160 idem
1325 2129 1444 2173 opus
1480 2115 1661 2174 capien.
1685 2114 1935 2212 qouolibet
1921 2131 1972 2161 1n
1995 2117 2071 2162 die
2093 2114 2222 2163 sede-

1706 2223 1772 2233 οιιο

467 2332 656 2377 eidem
642 2346 694 2377 m
717 2332 1012 2391 empcionem
1034 2332 1179 2378 unius
1203 2332 1351 2393 mallij
1373 2332 1538 2394 magni
1559 2332 1676 2379 ferri
1700 2334 1897 2393 querelli
1922 2335 2219 2381 extendentis

469 2442 530 2486 ad
553 2456 701 2487 unam
723 2446 909 2501 petram
930 2439 1009 2488 sex
1037 2441 1183 2488 libras
1208 2457 1317 2488 cum
1341 2443 1539 2489 dimidio
1560 2442 1676 2489 ferri
1699 2444 1859 2503 precio
1886 2449 2019 2504 petre
2041 2442 2218 2505 septem

470 2549 606 2597 solidi
630 2550 828 2597 Summa
851 2551 902 2597 ix
926 2554 962 2597 ἔ.
986 2552 1037 2597 ix
1060 2549 1106 2598 d.
1174 2551 1244 2598 Et
1277 2553 1330 2598 in
1364 2553 1656 2613 empcionem
1691 2555 1835 2600 unius
1875 2551 1939 2599 lie
1962 2551 2134 2617 piykis
2157 2556 2218 2601 ad

468 2659 727 2719 querellam
750 2631 820 2721 iii}
849 2661 883 2730 ‘8⁴7
901 2658 923 2720 j
950 2656 996 2705 d.
1065 2659 1134 2706 Et
1157 2661 1388 2707 allocatur
1411 2662 1564 2708 eidem
1586 2678 1673 2723 per
1686 2663 2018 2709 liberacionem
2037 2662 2214 2709 factam

467 2767 500 2814 J
501 2768 679 2815 ohanni
696 2768 820 2815 Dow
835 2784 924 2830 pro
940 2770 1097 2816 nawlo
1115 2771 1395 2832 garcionum
1412 2772 1474 2817 ad
1491 2772 1695 2819 cimbam
1713 2770 1908 2820 diverfis
1929 2772 2110 2819 vicibus
2128 2786 2215 2832 per

465 2884 654 2940 tempus
678 2880 884 2940 compoti
905 2880 988 2942 xvj
1014 2876 1060 2926 d.
1132 2879 1201 2927 Et
1222 2880 1274 2927 in
1297 2882 1588 2942 empcionem
1606 2882 1749 2929 unius
1767 2883 1898 2943 parie
1915 2879 1980 2928 lie
1996 2879 2135 2927 navis
2152 2882 2213 2928 ad

464 2989 775 3039 conficiendas
805 2990 943 3038 redas
983 2990 1050 3053 xij
1085 2988 1132 3039 d.
1222 2990 1293 3039 Et
1321 2993 1550 3040 allocatur
1580 2992 1731 3040 eidem
1766 3007 1851 3054 per
1878 2992 2209 3039 liberacionem
