2964 3892
742 541 836 589 1³6
1129 537 1488 582 COMPOTUM
1515 533 1826 579 MAGISTRI
1853 533 2124 578 FABRICE

740 686 868 735 sexto
889 689 970 750 xvj
996 691 1031 733 ἔ.
1099 686 1168 734 Et
1196 702 1284 748 pro
1313 686 1448 733 firma
1478 682 1648 729 stabuli
1679 679 1899 743 Magistri
1922 679 2186 727 Alexandri
2213 679 2353 739 Myln
2376 679 2475 726 offi-

741 797 871 843 cialis
905 812 964 844 ex
997 802 1131 858 parte
1166 795 1339 842 boreali
1374 807 1494 853 aque
1522 792 1571 837 in
1595 791 1787 837 civitate
1810 789 2098 836 Dunkelden
2129 786 2386 835 constructi
2416 788 2475 834 de

741 912 947 966 quatuor
979 904 1192 952 terminis
1226 903 1312 963 vi3.
1336 899 1562 947 festorum
1587 897 1888 946 Pentecostes
1922 905 1971 946 et
2001 898 2163 945 Sancti
2195 897 2393 944 Mertini
2425 897 2477 943 in

745 1015 911 1077 hyeme
933 1016 983 1061 in
1006 1028 1129 1060 anno
1153 1019 1232 1058 ‘tc‘
1257 1013 1305 1057 v‘
1328 1010 1425 1057 xva>
1491 1009 1560 1055 Et
1582 1010 1640 1055 de
1664 1007 1836 1056 eisdem
1860 1010 2076 1056 terminis
2098 1006 2325 1055 festorum
2355 1006 2479 1054 Pen-

742 1120 933 1169 tecostes
956 1127 1002 1167 et
1024 1120 1185 1166 Sancti
1210 1119 1407 1165 Mertini
1431 1119 1481 1164 in
1505 1133 1629 1164 anno
1653 1120 1700 1163 v‘
1723 1116 2034 1164 decimosexto
2056 1089 2125 1179 iffj
2152 1118 2200 1163 li.
2270 1116 2338 1163 Et
2364 1118 2479 1162 allo-

741 1238 875 1278 catur
896 1231 1046 1277 eidem
1070 1230 1122 1276 in
1144 1230 1437 1289 empcionem
1460 1229 1671 1288 quinque
1694 1228 1930 1274 bollarum
1951 1227 2130 1273 farrine
2163 1242 2250 1287 pro
2272 1227 2477 1287 panibus

743 1339 930 1386 verudis
963 1337 1203 1399 pinsandis
1236 1352 1321 1398 per
1354 1343 1542 1397 tempus
1576 1337 1782 1396 compoti
1821 1336 1971 1398 xxxiij
2006 1339 2041 1382 ἔ.
2072 1307 2142 1397 iiij
2173 1333 2220 1381 d.
2288 1334 2355 1383 Et
2390 1351 2479 1396 pro

742 1446 920 1509 pistura
943 1449 1196 1495 earundem
1228 1448 1279 1509 iij
1306 1451 1341 1493 ἔ.
1366 1448 1413 1508 vj
1438 1444 1485 1492 d.
1553 1445 1621 1492 Et
1644 1447 1876 1493 allocatur
1898 1447 2051 1492 eidem
2074 1461 2161 1506 pro
2185 1446 2478 1493 confectione

743 1565 791 1605 et
812 1559 1096 1620 purgacione
1118 1557 1291 1618 viginti
1310 1557 1513 1602 duorum
1537 1552 1601 1600 lie
1605 1552 1764 1614 filleis
1786 1556 2009 1601 redarum
2032 1557 2133 1618 xxij
2159 1554 2205 1602 d.
2273 1556 2342 1603 Et
2365 1559 2481 1603 allo-

743 1674 876 1714 catur
908 1668 1059 1713 eidem
1091 1681 1177 1726 per
1209 1666 1539 1711 liberacionem
1573 1664 1748 1710 factam
1778 1663 2056 1712 Alexandro
2086 1664 2282 1726 Smytht
2304 1666 2357 1712 in
2380 1666 2483 1713 Slo-

741 1776 947 1839 gynhole
970 1777 1200 1822 conducto
1222 1776 1500 1822 duodecimo
1523 1776 1599 1821 die
1621 1772 1790 1822 menfis
1814 1775 1933 1837 Maij
1960 1790 2085 1822 anno
2109 1783 2189 1823 ''tc-³
2210 1779 2258 1823 ve
2280 1777 2483 1824 decimo-

742 1886 871 1932 sexto
901 1900 989 1946 pro
1019 1885 1307 1932 confectione
1341 1892 1388 1932 et
1422 1886 1640 1931 acutione
1673 1885 1911 1932 ferrorum
1944 1887 2152 1949 lapicidij
2190 1888 2241 1933 in
2276 1888 2478 1934 eundem

746 1996 869 2070 diem
894 2010 1019 2041 anno
1036 1996 1253 2042 revoluto
1270 1995 1474 2055 capienti
1492 2010 1578 2055 per
1594 2010 1773 2042 annum
1788 1996 2106 2058 quadraginta
2121 1995 2291 2044 solidos
2307 1994 2431 2044 mo
2446 2002 2481 2044 ἔ.

744 2112 791 2152 et
824 2106 874 2150 in
920 2105 1211 2164 empcionem
1243 2105 1387 2150 unius
1421 2104 1540 2150 libre
1567 2102 1722 2164 floleis
1753 2106 1787 2167 ij
1826 2103 1872 2152 d.
1963 2106 2033 2153 Et
2068 2122 2152 2167 per
2190 2109 2482 2168 empcionem

744 2216 885 2261 unius
912 2211 1026 2277 gad
1052 2213 1166 2260 ferri
1199 2228 1286 2274 pro
1319 2210 1384 2259 lie
1416 2210 1601 2273 bzqsclaeis
1633 2214 1932 2261 conficiendis
1967 2215 2015 2276 vj
2046 2219 2081 2262 ἔ.
2150 2215 2219 2263 Et
2253 2219 2483 2264 allocatur

745 2326 891 2372 eidem
916 2340 1001 2385 per
1023 2325 1352 2371 liberacionem
1377 2324 1553 2372 factam
1575 2326 1715 2371 certis
1738 2325 2039 2387 garcionibus
2056 2326 2109 2372 in
2125 2324 2322 2374 diverfis
2340 2343 2503 2390 nego··

747 2435 829 2482 ciis
864 2435 924 2481 ad
958 2433 1227 2496 hujusmodi
1262 2449 1381 2494 opus
1416 2435 1503 2496 vi3.
1527 2435 1828 2482 trahentibus
1860 2436 1994 2497 ligna
2026 2437 2143 2483 alias
2177 2433 2240 2483 lie
2272 2436 2423 2484 reikis
2455 2456 2485 2487 a

748 2546 928 2607 Capeth
951 2553 998 2592 et
1020 2547 1151 2607 ligna
1166 2560 1254 2606 pro
1271 2544 1562 2592 confectione
1579 2546 1748 2592 domus
1765 2546 2075 2593 lathimorum
2091 2544 2237 2594 miffis
2255 2550 2314 2594 ad
2334 2549 2483 2596 Perth

747 2670 835 2716 pro
862 2652 925 2700 lie
946 2651 1068 2699 bran
1098 2669 1151 2700 ac
1181 2655 1461 2716 vigilacione
1495 2656 1783 2701 verudorum
1819 2671 1904 2716 per
1936 2657 2205 2717 quindecim
2240 2665 2402 2705 noctes
2437 2667 2485 2706 et

748 2760 891 2815 miffis
921 2764 982 2809 ad
1015 2763 1176 2823 Fordy
1199 2770 1246 2810 et
1269 2763 1497 2810 Stantone
1521 2762 1715 2811 diverfis
1740 2765 1923 2812 vicibus
1946 2781 2034 2827 pro
2057 2767 2232 2827 pabulo
2255 2784 2311 2815 ac
2333 2769 2485 2816 homi-

748 2872 887 2919 nibus
917 2872 1215 2919 trahentibus
1247 2873 1378 2934 ligna
1408 2888 1495 2933 pro
1527 2871 1590 2920 lie
1621 2871 1867 2937 brandeyr
1895 2876 1947 2922 in
1974 2873 2249 2924 eschalentis
2271 2885 2319 2925 et
2341 2893 2485 2940 pocu-

748 2981 888 3028 lentis
910 2981 1060 3042 xxviij
1087 2983 1123 3026 3.
1145 2951 1215 3042 iiij
1236 2994 1260 3041 3
1282 2977 1329 3026 d.
1386 2980 1454 3027 Et
1477 2983 1706 3029 allocatur
1729 2984 2021 3045 compotanti
2044 2998 2130 3044 per
2151 2985 2483 3033 liberacionem
