2964 3892
919 541 1145 588 PONTIS
1173 540 1668 586 DUNKELDENSIS.
2073 547 2166 592 125

424 664 494 752 isi}
514 688 560 737 d.
618 690 688 737 Et
710 688 987 736 Alexandro
1014 689 1151 751 Speir
1172 704 1260 750 pro
1283 687 1612 750 septemdecim
1636 687 1802 735 diebus
1824 688 1925 749 xxij
1952 691 1986 734 3.
2010 689 2093 749 viij
2118 685 2164 733 d.

425 801 494 848 Et
533 803 765 848 allocatur
798 800 951 847 eidem
985 800 1038 847 in
1071 799 1363 861 empcionem
1397 799 1608 861 quinque
1641 798 1848 845 millium
1882 798 2166 860 noninginta

424 911 746 957 novemdecim
791 924 990 956 onerum
1027 909 1242 971 lapidum
1283 910 1541 956 muralium
1585 923 1672 969 pro
1711 905 1776 955 lie
1798 905 1977 969 filling
2007 907 2164 967 precio

425 1022 583 1067 oneriS
620 1020 844 1066 denarius
881 1019 1129 1066 extenden.
1163 1019 1215 1065 in
1250 1019 1451 1079 pecunia
1486 1019 1547 1065 ad
1581 1018 1715 1080 xxvij
1746 1019 1796 1065 li.
1820 1018 1854 1079 ij
1881 1018 1955 1079 §.j
1981 1014 2028 1064 d.
2096 1016 2164 1063 Et

423 1132 654 1177 allocatur
676 1129 830 1176 eidem
859 1129 911 1173 in
940 1128 1231 1187 empcionem
1255 1125 1523 1190 sexinginta
1556 1128 1831 1190 octuaginta
1853 1142 2051 1174 onerum
2073 1127 2164 1173 luti

418 1256 503 1300 per
527 1246 716 1299 tempus
745 1237 952 1297 compoti
983 1236 1142 1297 precio
1173 1237 1329 1283 oneris
1360 1236 1583 1284 denarius
1612 1238 1859 1283 extenden.
1881 1238 1935 1284 in
1964 1237 2166 1298 pecunia

421 1352 480 1398 ad
508 1351 575 1413 lvj
603 1354 637 1397 3.
664 1350 747 1411 viij
775 1347 821 1396 d.
890 1348 959 1395 Et
995 1349 1047 1395 in
1080 1349 1372 1409 empcionem
1405 1347 1485 1395 sex
1517 1344 1581 1394 lie
1613 1345 1843 1410 langettis
1873 1350 1933 1395 ad
1968 1350 2170 1396 verudos

417 1461 466 1521 vj
491 1458 536 1506 d.
607 1459 677 1505 Et
699 1461 930 1506 allocatur
952 1459 1105 1505 eidem
1128 1474 1213 1519 per
1233 1458 1566 1505 liberacionem
1588 1457 1765 1504 factam
1782 1457 1815 1504 J
1816 1457 1960 1504 acobo
1984 1456 2164 1503 Lokert

417 1571 616 1631 lapicide
647 1571 698 1616 in
730 1570 993 1615 mercedem
1024 1566 1096 1614 sui
1127 1568 1303 1615 laboris
1335 1568 1567 1615 conducto
1590 1565 1817 1630 vigefimo
1838 1566 1970 1613 sexto
1993 1566 2160 1627 Mercij

419 1695 546 1726 anno
571 1687 650 1725 'te‘
675 1682 723 1725 vc
745 1678 844 1724 xvt⁰
867 1679 919 1724 in
945 1678 1148 1724 eundem
1171 1678 1298 1724 diem
1321 1693 1447 1724 anno
1468 1678 1686 1724 revoluto
1713 1677 1917 1738 capienti
1947 1677 1998 1722 in
2029 1675 2168 1735 septi-

420 1804 564 1835 mana
585 1787 763 1848 septem
787 1786 957 1834 solidos
981 1788 1230 1834 extenden.
1253 1787 1306 1833 in
1328 1801 1454 1833 anno
1477 1787 1538 1832 ad
1561 1786 1818 1833 octodecim
1834 1785 1980 1832 libras
1998 1790 2046 1831 et
2062 1790 2167 1832 octo

417 1898 587 1946 solidos
610 1898 692 1959 xvj
714 1898 763 1944 li.
787 1897 841 1960 iij
867 1900 902 1943 3.
926 1912 960 1943 x
981 1893 1027 1943 d.
1082 1895 1152 1944 Et
1175 1897 1407 1943 allocatur
1429 1896 1581 1942 eidem
1603 1911 1688 1957 per
1710 1895 2045 1942 liberacionem
2067 1894 2161 1942 fac-

423 2017 525 2056 tam
547 2007 628 2055 sex
651 2007 880 2068 operariis
903 2007 956 2053 in
978 2007 1190 2068 querella
1210 2006 1262 2052 in
1286 2006 1542 2053 eorundem
1564 2005 1715 2052 feodis
1738 2006 1909 2052 annuis
1932 2020 1963 2051 a

418 2134 544 2165 anno
568 2125 648 2164 *tc*
671 2119 719 2164 vc
741 2114 882 2179 xiiij¹⁵⁰
905 2117 958 2163 in
981 2117 1107 2162 diem
1129 2115 1296 2177 xxvijm
1318 2111 1488 2160 menfis
1510 2112 1544 2160 J
1545 2114 1729 2176 anuarij
1755 2128 1881 2161 anno
1898 2120 1979 2160 '³:0⁶
2003 2115 2051 2159 vc
2068 2112 2166 2160 xvt⁰

418 2228 675 2288 recipiente
699 2226 913 2287 quolibet
934 2240 1021 2287 per
1042 2239 1222 2272 annum
1245 2225 1374 2271 ultra
1396 2225 1610 2271 modium
1632 2206 1811 2271 farrine
1832 2224 1885 2270 in
1907 2200 2167 2284 septimana

423 2337 743 2399 quadraginta
775 2334 947 2382 solidos
1036 2334 1106 2381 Et
1139 2334 1324 2381 duobus
1359 2334 1586 2394 operariis
1620 2349 1650 2380 a
1682 2333 1863 2380 decimo
1910 2332 2056 2379 tercio
2092 2332 2168 2378 die

419 2443 589 2492 menfis
630 2446 752 2492 Maii
786 2459 912 2492 anno
947 2451 1027 2492 ‘’cc*
1060 2446 1108 2490 vc
1142 2445 1323 2491 decimo
1355 2443 1526 2505 quinto
1561 2443 1613 2489 in
1646 2443 1723 2489 die
1755 2442 1941 2504 xxvijmo
1993 2437 2164 2488 mensis

422 2554 453 2598 J
456 2553 644 2600 anuarii
668 2567 793 2599 anno
818 2559 898 2599 “tc‘'
923 2555 972 2599 vc
1102 2553 1281 2614 capien.
1304 2558 1361 2598 ut
1383 2552 1465 2598 alii
1488 2551 1736 2598 extenden.
1759 2550 1822 2596 ad
1843 2565 1910 2597 xv
1930 2550 1980 2596 li.
2002 2520 2106 2612 xiioirj
2130 2552 2164 2595 3.

422 2664 490 2710 Et
515 2663 701 2710 Thome
726 2663 968 2710 Moirheid
999 2678 1085 2723 per
1115 2678 1263 2710 unam
1293 2660 1605 2723 septimanam
1636 2657 1855 2707 existenti
1882 2661 1935 2707 in
1956 2661 2167 2721 querella

423 2788 532 2820 cum
554 2773 739 2820 fari-ina
761 2773 845 2835 viij
871 2769 918 2819 d.
986 2772 1056 2819 Et
1079 2774 1310 2820 allocatur
1333 2773 1485 2818 eidem
1515 2786 1601 2832 per
1629 2770 1965 2818 liberacionem
1994 2769 2167 2817 factam

421 2883 650 2945 operariis
685 2881 1017 2929 communibus
1052 2882 1176 2929 circa
1209 2887 1404 2943 pontem
1437 2896 1466 2928 a
1501 2881 1684 2927 decimo
1720 2875 1864 2926 sexto
1889 2880 1963 2926 die
1987 2875 2170 2929 ‚mensis

419 2991 603 3053 Aprilis
637 2993 752 3040 anni
784 3000 864 3039 *tc*
890 2995 938 3040 νο
970 2993 1140 3039 decimi
1170 2993 1328 3053 quinti
1359 2992 1412 3038 in
1446 2991 1569 3038 diem
1608 2986 1887 3053 vigesimum
1918 2987 2170 3036 secundum

1298 3114 1334 3148 R
