2964 3892
766 581 861 631 116
1134 574 1493 623 COMPOTUM
1522 572 1832 619 MAGISTRI
1861 569 2126 615 FABRICE

762 735 862 776 tam
885 726 1068 774 Thome
1092 725 1253 773 Sawer
1287 725 1493 787 Georgio
1527 723 1712 782 Bernys
1735 727 1783 767 et
1805 718 2081 765 Alexandro
2104 716 2287 763 Catour
2317 715 2498 777 aurigis

761 838 898 884 dictis
933 836 1042 883 Fud
1078 843 1124 882 et
1164 834 1368 881 Stewart
1403 832 1610 879 deficien.
1641 846 1670 877 a
1705 831 1831 876 dicto
1865 824 2091 891 vigefimo
2123 819 2254 872 sexto
2289 823 2499 871 Novem·

761 947 858 993 bris
888 941 1110 993 inclufive
1143 943 1385 990 conductis
1419 943 1469 988 in
1504 941 1703 987 eundem
1740 941 1865 986 diem
1897 953 2022 984 anno
2061 937 2278 983 revoluto
2318 934 2497 994 capien.

759 1054 957 1116 quilibet
974 1068 1057 1113 per
1074 1067 1251 1097 annum
1269 1051 1619 1112 quinquaginta
1633 1048 1802 1096 solidos
1820 1055 1866 1094 et
1889 1047 2101 1094 modium
2125 1045 2303 1091 farrine
2327 1043 2378 1088 in
2401 1040 2500 1102 sep-

759 1165 937 1210 timana
953 1162 1117 1223 xxxvij
1138 1164 1173 1207 ἔ.
1192 1162 1240 1223 vj
1266 1157 1312 1206 d.
1379 1159 1449 1207 Et
1468 1161 1595 1206 dicto
1614 1159 1799 1205 Thome
1817 1158 1979 1205 Sawer
2001 1173 2030 1203 a
2046 1154 2165 1202 festo
2188 1153 2349 1200 Sancti
2370 1152 2497 1198 Mer-

756 1273 844 1318 tini
867 1286 991 1318 anno
1015 1276 1095 1317 ‘tc‘
1119 1272 1166 1315 v‘
1188 1269 1292 1331 xiiij
1344 1270 1396 1315 in
1419 1270 1621 1316 eundem
1640 1270 1765 1315 diem
1789 1282 1914 1314 anno
1937 1267 2154 1313 revoluto
2178 1266 2227 1311 in
2247 1262 2383 1309 suum
2401 1263 2497 1308 feo-

755 1344 1106 1428 dum-annuum
1124 1380 1247 1426 11⁰3.
1315 1378 1384 1426 Et
1415 1380 1647 1425 allocatur
1669 1379 1819 1425 eidem
1855 1392 1941 1438 per
1963 1376 2296 1422 liberacionem
2319 1373 2493 1419 factam

754 1489 976 1536 lathomis
1010 1490 1061 1535 in
1096 1488 1330 1535 bibalibus
1366 1503 1452 1548 pro
1486 1484 1773 1547 depositione
1806 1486 2019 1547 lapidum
2055 1484 2322 1544 primorum
2358 1481 2495 1542 super

753 1599 935 1645 duobus
968 1596 1034 1644 lie
1059 1596 1344 1643 brandez'ris
1377 1595 1451 1642 Ac
1484 1610 1572 1656 pro
1601 1592 1897 1655 impofitione
1919 1594 2067 1640 clauis
2094 1590 2159 1638 lie
2186 1590 2329 1653 pend
2348 1592 2433 1652 xlij
2459 1595 2494 1636 ἓ.

751 1706 998 1754 Allocatur
1025 1707 1174 1753 eidem
1207 1707 1258 1752 in
1291 1706 1533 1766 empcione
1564 1705 1765 1767 triginta
1792 1703 1940 1750 trium
1974 1700 2039 1748 lie
2070 1699 2314 1747 barrowis
2336 1700 2495 1761 virga-

751 1830 858 1862 rum
882 1815 1201 1862 confectarum
1234 1830 1321 1876 pro
1344 1815 1520 1875 lapillis
1544 1815 1762 1876 gerendis
1786 1814 1909 1860 circa
1932 1828 2052 1873 opus
2075 1810 2244 1858 Pontis
2268 1825 2353 1871 per
2375 1816 2494 1856 tem-

750 1938 840 1984 pus
864 1926 1067 1986 compoti
1093 1926 1158 1987 vij
1185 1929 1219 1971 's“.
1244 1925 1310 1987 vij
1335 1922 1381 1970 d.
1451 1924 1521 1971 Et
1543 1925 1593 1970 in
1618 1924 1861 1985 empcione
1884 1924 2131 1970 duodecim
2157 1921 2223 1968 lie
2250 1920 2492 1969 barrowis

752 2035 838 2093 pro
856 2034 1065 2093 querella
1080 2033 1200 2094 xij¹¹¹⁰
1216 2033 1248 2079 J
1250 2034 1434 2095 anuarij
1456 2034 1651 2080 confect.
1674 2034 1708 2096 ij
1729 2038 1764 2081 ἔ.
1784 2005 1853 2096 ἱῖἷ]
1874 2031 1920 2080 d.
1988 2032 2058 2079 Et
2087 2035 2317 2080 allocatur
2339 2032 2491 2078 eidem

751 2155 836 2200 per
867 2140 1198 2187 liberacionem
1231 2140 1406 2187 factam
1431 2141 1644 2187 Roberto
1669 2142 1908 2203 Merlgone
1942 2140 2073 2188 misso
2101 2143 2161 2188 ad
2195 2141 2369 2187 Pertht
2401 2155 2489 2201 pro

750 2248 972 2295 lathomis
995 2250 1307 2295 conducendis
1326 2250 1359 2312 ij
1387 2253 1421 2296 ἔ.
1490 2249 1559 2296 Et
1593 2251 1825 2297 allocatur
1858 2250 2010 2296 eidem
2044 2265 2129 2311 per
2158 2250 2487 2296 liberacionem

749 2359 921 2405 factam
953 2358 1138 2405 Thome
1160 2358 1366 2420 Wrycht
1398 2360 1695 2420 carpentario
1728 2361 1780 2407 in
1813 2360 2175 2420 complecionem
2207 2357 2397 2405 secundi
2422 2357 2487 2404 lie

755 2467 992 2515 brandeir
1013 2469 1064 2515 in
1086 2469 1320 2515 bibalibus
1340 2470 1386 2531 vj
1411 2466 1461 2516 dg
1526 2467 1590 2516 Et
1611 2467 1857 2517 forestario
1879 2471 1936 2516 de
1960 2470 2159 2515 Murtlie
2181 2470 2231 2514 in
2250 2469 2485 2515 bibalibus

752 2578 833 2638 xvj
853 2574 899 2622 d.
966 2576 1035 2623 Et
1058 2579 1197 2625 certis
1221 2579 1337 2624 viris
1359 2579 1684 2625 laborantibus
1711 2594 1819 2625 cum
1848 2578 2039 2625 Thoma
2058 2577 2268 2639 Wrycht
2282 2560 2341 2624 'in
2365 2580 2485 2625 silva

752 2686 812 2732 de
828 2684 1026 2731 Murtlie
1043 2701 1130 2745 pro
1146 2688 1362 2733 cedendis
1378 2689 1523 2750 lignis
1541 2688 1600 2734 ad
1617 2686 1870 2735 secundum
1890 2684 1953 2733 lie
1971 2685 2203 2734 brandeir
2224 2688 2308 2750 xvj
2327 2685 2374 2734 d.
2415 2687 2484 2734 Et

751 2794 980 2840 allocatur
1014 2795 1165 2841 eidem
1198 2810 1282 2855 per
1309 2796 1638 2843 liberacionem
1665 2765 1839 2844 factam
1871 2798 2012 2844 certis
2042 2798 2159 2844 viris
2191 2798 2249 2843 de
2284 2797 2483 2843 Murtlie

752 2900 891 2950 Ester
912 2903 1170 2950 Burnbane
1191 2898 1378 2951 wester
1405 2906 1662 2954 Bumbane
1688 2907 1959 2969 Inchevyne
1983 2913 2032 2953 et
2054 2906 2174 2954 Litil
2195 2906 2479 2953 Dunkelden

750 3012 933 3059 trahen.
947 3019 995 3060 et
1018 3012 1183 3059 vehen.
1205 3014 1336 3076 ligna
1352 3015 1410 3060 ad
1427 3013 1677 3063 secundum
1696 3014 1761 3064 lie
1787 3014 2027 3063 brandeir
2042 3032 2071 3063 a
2084 3013 2200 3063 filva
2217 3018 2274 3063 de
2290 3016 2481 3062 Murth-
