2964 3892
1211 1031 1634 1096 INDEX.

926 1439 975 1476 A.

516 1571 676 1614 ABELL,
698 1566 894 1617 Magister,
915 1564 1237 1615 (Al-chidiaconus
1259 1564 1386 1603 Sancti

571 1631 758 1683 Andree,)
782 1632 842 1668 12.

516 1699 723 1743 Abercorn,
744 1695 902 1734 ecclesia
921 1695 979 1740 de,
1000 1695 1037 1739 6,
1055 1693 1122 1731 29.

741 1768 839 1798 terre
859 1757 1102 1796 dominicales
1121 1757 1181 1803 de,
1201 1757 1264 1794 22.

513 1824 808 1870 Aberdonensis,
830 1821 1011 1861 Matheus
1029 1821 1240 1872 episcopus,
1258 1821 1296 1858 7.

514 1890 726 1935 Aberdour,
743 1888 936 1926 Newtoun
956 1887 1015 1933 de,
1037 1886 1101 1923 39.

512 1953 731 1998 Abel-nothi,
753 1950 972 2005 (Abernit,)
993 1949 1151 1989 ecclesia
1168 1949 1228 1994 de,
1249 1948 1286 1993 4,
1310 1947 1372 1986 19.

511 2017 777 2067 Abircrumby,
805 2015 992 2066 Magister
1021 2013 1161 2059 David,
1188 2011 1390 2066 (subdeca-

561 2094 632 2118 nus
646 2080 929 2118 Dunkeldensis
941 2087 980 2118 et
988 2077 1266 2117 commissarius
1277 2089 1388 2127 gene-

559 2144 681 2196 ralis,)
706 2146 739 2190 l,
760 2145 825 2182 60.
1224 2160 1231 2162 *

791 2206 991 2257 Georgius,
1011 2206 1076 2250 97,
1100 2204 1188 2250 119,
1213 2204 1300 2240 132.

507 2271 730 2322 Aberlathy,
758 2278 856 2309 terre
879 2268 1121 2307 dominicales
1147 2268 1208 2312 de,
1239 2269 1301 2314 22,
1322 2268 1386 2314 38,

559 2335 624 2372 39.

734 2397 871 2435 vicaria
889 2397 947 2442 de,
969 2397 1033 2434 24.

507 2461 762 2506 Adamstoun,
781 2468 879 2498 terre.
899 2461 958 2506 de,
979 2460 1044 2497 37.

506 2525 604 2570 Ade,
622 2523 826 2570 Johannes,
848 2523 1056 2576 (sacrarum
1076 2523 1266 2561 literarum
1294 2535 1379 2572 pro-

555 2586 709 2640 fessor),
729 2588 795 2624 55.

504 2651 676 2696 Albanio,
705 2650 896 2688 Johannes
916 2650 1020 2695 Dux,
1049 2648 1190 2701 (Regis
1215 2656 1318 2687 tutor
1342 2656 1381 2687 et

556 2714 679 2763 Regni
699 2712 959 2766 gubernator,)
979 2713 1043 2758 48,
1064 2712 1127 2750 71.

503 2779 718 2816 Alexander
739 2778 842 2828 Papa
862 2777 1024 2820 Tertius,
1045 2777 1082 2822 5,
1102 2777 1140 2814 7.

502 2842 706 2887 Alfontius,
728 2842 924 2892 episcopus
944 2841 1146 2886 Civitatem,
1174 2841 1243 2878 28.

504 2905 621 2951 Al‘ith,
642 2905 803 2943 ecclesia
822 2906 879 2951 de,
894 2905 960 2950 38,
979 2904 1043 2950 44,
1064 2904 1128 2950 50,
1149 2905 1214 2941 75.

552 3033 614 3079 74,
635 3033 700 3070 94.

500 3118 602 3128 -—
620 3097 758 3135 vicaria
776 3097 834 3142 de,
855 3097 918 3134 24.

1444 1435 1622 1482 Almond,
1641 1448 1759 1485 acqua
1778 1436 1836 1482 de,
1855 1437 1921 1475 44.

1445 1500 1684 1546 Andersoun,
1716 1499 1920 1546 Johannes‚
1950 1499 2196 1554 (lathomus,)
2229 1502 2317 1548 123,

1498 1565 1587 1601 138.

1443 1628 1610 1674 Andree,
1629 1627 1832 1674 Johannes,
1855 1628 2100 1682 (lathomus,)
2124 1630 2210 1667 100.

1442 1692 1706 1742 Angusiarum,
1729 1691 1981 1731 Archibaldus
2001 1706 2141 1739 comes,
2165 1694 2200 1740 1,
2219 1694 2284 1731 48.

1725 1769 1864 1802 comes,
1885 1757 1949 1794 72.

1439 1819 1576 1870 Argyll
1596 1819 1787 1872 (Ergyll,)
1808 1820 1998 1858 Dominus
2017 1833 2146 1859 comes
2167 1820 2226 1867 de,
2248 1821 2315 1857 95.

1438 1884 1630 1935 Arntully,
1650 1891 1747 1922 terre
1767 1885 1827 1930 de,
1848 1885 1912 1930 38,
1934 1884 1999 1922 39.

1445 1946 1610 1994 Athone,
1631 1947 1658 1986 J
1660 1946 1823 1986 ohannes
1842 1961 1980 1995 comes,
2001 1949 2038 1993 2,
2057 1947 2122 1995 49,
2142 1948 2207 1994 51,
2227 1948 2290 1984 70.

1621 2011 1834 2057 comitissa,
1855 2012 1919 2049 87.

1634 2075 1830 2126 Magister,
1851 2078 1916 2114 20.

1632 2140 1847 2186 decanatus,
1866 2140 1931 2177 67.

1438 2203 1644 2249 Avandah,
1666 2204 1839 2242 Andreas
1868 2203 2070 2249 Dominus,
2090 2202 2312 2257 (68368118-

1494 2268 1571 2304 rius
1593 2266 1766 2319 Scotiae,)
1786 2268 1851 2305 31.

1441 2331 1622 2375 Avenale,
1642 2330 1846 2376 Johannes,
1867 2333 1905 2368 6.

1432 2395 1602 2446 Aysone,
1620 2394 1799 2441 Jacobus,
1823 2395 1910 2441 100,
1935 2395 2021 2440 112,
2048 2394 2137 2440 124,
2157 2394 2244 2431 138.

1835 2521 1881 2559 Β.

1436 2649 1635 2699 Balberny,
1658 2649 1858 2699 Georgius,
1879 2647 2213 2700 (serjandus,)87.

1601 2712 1788 2750 Dominus
1802 2712 1940 2758 David,
1956 2711 2178 2764 (succentor
2190 2711 2301 2749 Dun-

1485 2776 1710 2829 keldensis,)
1730 2777 1794 2814 61.

1604 2840 1743 2885 David,
1763 2840 1829 2878 94.

1428 2904 1619 2955 Balbirny,
1639 2903 1824 2949 Johanna,
1847 2904 1911 2940 27.

630 2969 894 3019 prebendarius
924 2969 983 3014 de,
1016 2969 1081 3014 45,
1112 2969 1178 3014 48,
1209 2968 1274 3015 66,
1303 2968 1366 3014 67,
1422 2967 1588 3012 Bzilfour,
1615 2967 1818 3013 Johannes,
1848 2965 2130 3019 (Brechinonsis
2149 2965 2294 3015 episco-

1477 3030 1585 3085 pum)
1594 3032 1668 3069 26.

1417 3095 1590 3142 Balliolo,
1611 3095 1821 3134 Edwardus
1838 3094 1898 3137 de,
1922 3092 1982 3130 15.
