2964 3892
920 558 1146 603 PONTIS
1176 558 1671 604 DUNKELDENSIS.
2076 570 2170 615 123

419 708 623 753 eundem
653 708 779 753 diem
811 723 938 755 anno
967 711 1187 755 revoluto
1210 711 1415 770 capienti
1437 725 1523 771 per
1545 725 1728 757 annum
1751 710 2000 756 duodecim
2023 711 2169 759 libras

420 815 655 863 trisdecim
682 816 852 864 solidos
876 825 924 864 et
946 823 1053 865 octo
1076 819 1294 865 denarios
1324 820 1390 881 vij
1416 820 1465 865 li.
1489 820 1543 882 iij
1569 823 1603 866 ἔ.
1629 790 1699 882 ifi'j
1725 816 1771 866 d.
1842 818 1911 864 Et
1942 820 2173 866 allocatur

421 927 574 973 eidem
606 943 692 988 per
723 928 1055 975 liberacionem
1078 929 1255 976 factam
1278 929 1310 975 J
1311 929 1490 976 ohanni
1512 928 1763 976 Anderson
1787 930 1955 976 latimo
1978 930 2028 976 in
2053 945 2175 976 mer-

423 1039 582 1084 cedem
613 1036 685 1084 sui
719 1038 896 1085 laboris
934 1045 983 1085 et
1017 1039 1179 1086 David
1216 1040 1382 1087 Powte
1412 1039 1484 1087 sui
1513 1041 1685 1088 famuli
1716 1042 1935 1088 conduct.
1971 1043 2176 1089 decimo-

422 1154 590 1193 octavo
625 1149 701 1193 die
736 1145 907 1193 menfis
941 1147 974 1193 J
974 1149 1077 1210 unij
1115 1164 1241 1195 anno
1277 1156 1357 1195 *tc*
1387 1152 1435 1196 vc
1466 1152 1819 1212 decimoquinto
1855 1167 1942 1212 pro
1975 1150 2175 1199 sedecim

423 1257 581 1303 solidis
617 1259 670 1303 in
709 1255 974 1318 septimana
1008 1264 1057 1305 et
1087 1260 1362 1306 continuari.
1387 1261 1448 1306 ad
1482 1261 1664 1307 dictum
1695 1277 1815 1322 opus
1849 1264 1901 1308 in
1934 1263 2175 1323 prefatum

423 1375 647 1414 octavum
672 1370 799 1415 diem
823 1366 993 1416 menfis
1017 1370 1240 1417 Octobris
1265 1369 1474 1433 ejusdem
1493 1372 1609 1418 anni
1627 1373 1875 1418 extenden.
1895 1374 1956 1419 ad
1977 1372 2176 1420 sedecim

424 1478 713 1539 septimanas
748 1481 816 1542 xij
847 1481 897 1527 li.
933 1482 1015 1543 xvj
1049 1485 1084 1527 ἔ.
1158 1480 1228 1528 Et
1268 1482 1422 1528 eidem
1459 1498 1490 1528 a
1525 1483 1652 1529 dicto
1686 1490 1854 1530 octavo
1890 1484 1966 1529 die
2005 1480 2176 1530 menfis

424 1590 648 1637 Octobris
673 1592 905 1637 conducto
928 1593 1118 1638 noviter
1139 1598 1196 1638 ut
1217 1593 1389 1653 reliqui
1413 1594 1465 1639 in
1488 1594 1750 1639 mercedem
1773 1591 1844 1639 sui
1867 1593 2042 1640 laboris
2067 1609 2176 1640 cum

425 1700 586 1747 David
610 1700 778 1747 Powte
807 1699 890 1747 suo
921 1699 1055 1748 servo
1078 1703 1139 1748 ad
1162 1701 1434 1765 hujusmodi
1457 1718 1576 1764 opus
1600 1703 1652 1750 in
1672 1701 1877 1750 'eundem
1903 1705 2028 1750 diem
2052 1720 2178 1751 anno

423 1813 644 1857 revoluto
677 1812 855 1871 capien.
888 1827 974 1872 per
1005 1828 1187 1858 annum
1219 1813 1394 1875 viginti
1426 1819 1634 1876 quatuor
1664 1814 1746 1861 lib.
1777 1814 1826 1877 xj
1852 1815 1902 1861 li.
1938 1830 1973 1860 x
2004 1818 2038 1861 ἔ.
2109 1814 2179 1861 Et

424 1923 655 1969 allocatur
679 1923 833 1968 eidem
855 1937 941 1983 per
963 1923 1296 1971 liberacionem
1320 1923 1496 1971 factam
1514 1924 1730 1971 Roberto
1749 1924 1990 1985 Merl3one
2008 1925 2179 1988 magis-

426 2042 502 2080 tro
524 2033 837 2080 lathimorum
872 2049 900 2080 a
931 2031 1050 2080 festo
1081 2034 1244 2081 Sancti
1276 2034 1477 2081 Mertini
1509 2035 1624 2082 anni
1648 2042 1728 2081 *tc*
1753 2038 1802 2081 v⁰
1823 2036 1994 2082 decimi
2017 2037 2180 2095 quarti

425 2145 476 2190 in
500 2145 701 2190 eundem
722 2145 847 2190 diem
873 2159 998 2190 anno
1016 2146 1235 2191 revoluto
1253 2145 1434 2205 capien.
1453 2159 1540 2205 per
1562 2159 1743 2191 annum
1761 2142 2006 2191 tresdecim
2033 2145 2180 2192 libras

426 2252 503 2300 sex
526 2252 697 2299 solidos
722 2259 770 2300 et
793 2259 899 2300 octo
922 2254 1141 2300 denarios
1165 2259 1213 2300 et
1237 2260 1343 2301 octo
1365 2255 1517 2301 bollas
1540 2254 1693 2302 farine
1717 2269 1804 2316 pro
1827 2255 2178 2317 quinquaginta

426 2364 581 2410 tribus
605 2362 766 2411 solidis
790 2370 838 2411 et
861 2370 1069 2426 quatuor
1088 2366 1296 2412 denariis
1321 2367 1404 2428 viij
1426 2367 1475 2412 li.
1495 2365 1578 2427 viij
1600 2362 1646 2412 d.
1698 2365 1768 2412 Et
1790 2366 1943 2412 eidem
1967 2365 2179 2413 Roberto

425 2475 609 2520 ratione
632 2472 704 2520 sui
728 2480 1000 2522 contractus
1023 2491 1113 2536 pro
1136 2474 1378 2523 escalentis
1397 2481 1445 2522 et
1461 2476 1727 2536 poculentis
1744 2476 1796 2522 in
1814 2475 1980 2522 diebus
1998 2474 2180 2522 festivis

424 2599 508 2644 per
538 2585 664 2630 idem
699 2590 889 2645 tempus
917 2586 1070 2648 xxviij
1099 2590 1134 2632 ἔ.
1202 2586 1272 2633 Et
1306 2586 1457 2632 eidem
1491 2586 1704 2633 Roberto
1734 2587 1924 2633 noviter
1947 2588 2179 2634 conducto

425 2697 476 2740 in
499 2696 626 2741 dicto
649 2691 768 2740 festo
791 2693 955 2741 Sancti
978 2694 1179 2742 Mertini
1203 2697 1317 2743 anni
1341 2702 1421 2743 *tc*
1440 2698 1488 2742 v⁰
1504 2692 1596 2743 xvti
1620 2697 1672 2743 in
1689 2697 1892 2743 eundem
1912 2697 2037 2743 diem
2056 2712 2180 2743 anno

425 2807 643 2852 revoluto
667 2805 872 2866 capienti
895 2821 981 2866 per
1004 2821 1186 2853 annum
1216 2806 1476 2854 octodecim
1499 2806 1646 2854 libras
1679 2805 1914 2854 trisdecim
1938 2805 2108 2854 solidos
2132 2814 2179 2853 et

426 2923 634 2976 quatuor
665 2916 884 2964 denarios
917 2930 949 2962 v
971 2917 1019 2962 li.
1044 2931 1077 2962 x
1099 2919 1135 2962 ἔ.
1203 2915 1272 2963 Et
1296 2918 1528 2963 allocatur
1550 2917 1702 2963 eidem
1731 2932 1817 2978 per
1846 2917 2177 2963 liberacionem

423 3026 597 3074 factam
621 3028 747 3074 dicto
771 3026 983 3074 Roberto
1007 3028 1059 3075 in
1083 3028 1346 3076 mercedem
1369 3028 1545 3076 laboris
1569 3026 1717 3076 Alani
1735 3026 1804 3074 sui
1822 3025 1943 3100 servi
1961 3027 2177 3088 lapidum
