2964 3892
810 555 902 598 112
1174 546 1534 593 COMPOTUM
1563 544 1870 590 MAGISTRI
1898 540 2170 587 FABRICE

805 695 890 758 xiij
914 697 964 742 in
987 696 1243 742 terminum
1273 691 1566 742 Pentecosten
1589 691 1701 737 anni
1725 693 1805 735 '’tc‘
1828 692 1876 735 ν’
1897 685 2027 751 xiiij‘¹
2050 689 2229 748 capien.
2252 702 2337 748 per
2359 701 2540 734 annum

804 805 977 867 viginti
995 805 1139 851 libras
1174 804 1291 851 Inde
1307 802 1480 864 viginti
1498 807 1705 861 quatuor
1722 799 1871 845 bollas
1889 797 2168 845 victualium
2186 811 2276 857 pro
2291 796 2539 842 duodecim

803 916 972 961 mercis
995 916 1045 960 in
1075 912 1273 974 pecunia
1302 925 1386 971 per
1415 914 1765 970 computantem
1788 909 1839 955 ix
1861 909 1911 971 lj.
1938 908 1985 970 vj
2011 911 2047 954 3.
2071 907 2155 969 viij
2181 903 2226 952 d.
2250 901 2540 952 confiderato

803 1024 929 1084 quod
963 1023 1130 1069 habuit
1158 1021 1306 1067 decim
1346 1034 1525 1066 mercas
1556 1019 1805 1065 annuatim
1839 1033 1927 1078 pro
1960 1015 2094 1064 servo
2126 1015 2210 1063 suo
2243 1013 2294 1077 ly
2320 1012 2541 1078 prenteis

803 1130 871 1178 Et
893 1133 1120 1178 allocatur
1143 1130 1292 1176 eidem
1316 1145 1400 1191 per
1425 1129 1753 1176 liberacionem
1785 1128 1961 1175 factam
1989 1127 2020 1173 J
2023 1127 2199 1174 ohanni
2229 1126 2410 1172 Brown
2439 1140 2541 1171 ma-

800 1238 946 1302 gistro
968 1239 1285 1286 lathomorum
1310 1239 1488 1299 capien.
1506 1254 1592 1299 per
1612 1253 1789 1284 annum
1815 1238 2062 1284 duodecim
2085 1251 2265 1283 mercas
2289 1242 2337 1282 et
2355 1236 2537 1281 venien.

799 1351 924 1410 apud
948 1364 1067 1410 opus
1089 1349 1218 1395 omni
1242 1363 1366 1395 anno
1383 1355 1538 1409 quart.
1557 1353 1605 1394 et
1621 1346 1822 1408 spectan.
1840 1347 2053 1408 quolibet
2077 1354 2287 1406 tempore
2311 1360 2396 1405 per
2418 1345 2536 1391 duas

800 1458 1081 1519 septimanas
1102 1464 1244 1519 prout
1266 1458 1469 1504 habetur
1490 1458 1541 1503 in
1563 1457 1855 1518 111-0111000110
1878 1458 2059 1503 domini
2096 1456 2290 1502 Findlai
2313 1454 2536 1516 Symonis

798 1569 970 1614 notarii
988 1565 1063 1613 xl*
1080 1571 1102 1614 3
1151 1566 1221 1614 Et
1243 1568 1472 1612 allocatur
1494 1567 1644 1612 eidem
1668 1581 1753 1626 per
1775 1566 2106 1612 liberacionem
2130 1565 2306 1611 factam
2324 1564 2537 1610 Roberto

800 1676 1037 1736 Merl3one
1069 1677 1258 1722 noviter
1287 1676 1519 1722 conducto
1551 1676 1729 1736 capien.
1754 1690 1840 1735 per
1871 1689 2051 1721 annum
2075 1674 2249 1736 viginti
2281 1687 2461 1718 mercae
2488 1678 2537 1718 et

797 1790 900 1831 octo
930 1785 1077 1831 bollas
1106 1784 1283 1831 farrine
1310 1785 1527 1844 incipien.
1552 1786 1602 1830 in
1632 1782 1750 1831 festo
1779 1784 1940 1830 Sancti
1969 1783 2167 1829 Mertini
2190 1782 2409 1842 proximo
2430 1794 2537 1841 pre-

2287 1861 2321 1879 ΟΥ

788 2000 1007 2048 Τ11011180
1037 2001 1403 2063 Fothringhaim
1432 2016 1486 2046 ac
1508 2000 1540 2046 J
1542 2001 1719 2047 ohanni
1743 2000 1924 2047 Cowtis
1947 2000 2173 2047 lathomis
2198 1999 2381 2045 venien.
2406 1999 2534 2059 apud

794 2106 1076 2154 Dunkelden
1108 2123 1194 2168 pro
1225 2109 1430 2154 conciliis
1454 2122 1617 2154 eorum
1641 2109 1769 2168 apud
1792 2123 1912 2168 opus
1934 2109 1986 2154 in
2008 2107 2244 2154 bibalibus
2268 2079 2337 2168 111]
2365 2110 2400 2152 3.
2425 2106 2459 2167 ij
2485 2103 2531 2152 d.

793 2216 861 2263 Et
896 2218 1124 2263 allocatur
1159 2218 1307 2263 eidem
1346 2232 1431 2277 per
1467 2217 1799 2263 liberacionem
1834 2217 2011 2263 factam
2045 2215 2223 2262 Jacobo
2256 2214 2454 2276 Aysoun
2485 2223 2533 2263 et

790 2325 998 2371 Johanni
1022 2325 1179 2387 Dykis
1202 2322 1252 2386 ly
1264 2322 1486 2388 prenteis
1507 2326 1558 2371 111
1580 2325 1730 2372 feodis
1752 2324 1846 2372 suis
1869 2325 2048 2386 capien.
2071 2339 2157 2385 per
2179 2339 2359 2371 annum
2384 2324 2533 2372 111-101-

791 2450 867 2481 8111
889 2435 1063 2482 ferrine
1086 2436 1138 2481 in
1159 2434 1420 2496 septimana
1440 2442 1489 2482 et
1511 2436 1686 2498 viginti
1709 2433 1879 2482 solidos
1910 2448 1995 2495 per
2017 2448 2197 2481 annum
2229 2449 2394 2481 eorum
2425 2435 2531 2494 qui-

789 2543 904 2590 libet
924 2541 1013 2590 xx*
1037 2548 1071 2590 3.
1138 2544 1207 2591 Et
1244 2545 1393 2591 eidem
1425 2560 1510 2605 per
1535 2544 1868 2591 liberacionem
1891 2544 2066 2591 factam
2089 2543 2264 2590 fodien.
2289 2549 2338 2590 01
2358 2545 2527 2590 ducen.

788 2652 944 2699 lutum
979 2654 1065 2713 vi3.
1089 2654 1289 2700 tricenta
1318 2652 1619 2716 septuaginta
1643 2653 1723 2701 sex
1753 2669 1897 2701 onera
1926 2656 2017 2701 luti
2046 2660 2314 2716 compotan.
2337 2661 2527 2702 centum

785 2762 958 2824 viginti
985 2777 1072 2823 pro
1099 2770 1286 2809 centum
1317 2770 1364 2810 et
1392 2779 1479 2824 pro
1516 2763 1730 2824 quolibet
1760 2779 1901 2811 onere
1929 2765 2179 2811 denarium
2208 2769 2257 2810 et
2286 2764 2446 2810 minus
2476 2765 2527 2810 in

783 2871 999 2931 pluribus
1032 2871 1256 2919 oneribus
1287 2887 1422 2918 xxxv
1445 2876 1481 2919 3.
1504 2874 1587 2934 viij
1612 2870 1659 2919 d.
1730 2872 1798 2920 Et
1825 2874 2055 2920 allocatur
2082 2873 2235 2919 eidem
2266 2872 2318 2919 in
2344 2872 2526 2919 ductio-

783 2995 889 3028 nem
921 2981 1293 3044 quingentorum
1322 2981 1568 3029 duodecim
1600 2983 1815 3043 lapidum
1843 2982 2102 3030 muralium
2125 2982 2188 3029 ad
2210 2996 2330 3043 opus
2357 2980 2525 3028 Pontis
