3112 3912
982 523 1207 570 PONTIS
1236 523 1727 571 DUNKELDENSIS.
2166 540 2227 587 87

504 671 695 720 Thema
716 671 864 735 Greig
886 672 1126 721 Canonico
1148 673 1476 722 Dunkeldenfi
1498 676 1691 723 nomine
1713 682 1762 723 et
1790 692 1850 723 ex
1882 683 2015 737 parte
2038 677 2229 725 Domini

502 782 573 830 Et
589 785 647 830 de
661 798 692 829 v
706 784 756 830 li.
773 790 944 844 recept.
969 799 999 830 a
1015 782 1257 832 Comitiss'a
1279 784 1475 833 Atholie
1492 802 1551 834 ex
1567 784 1848 834 testamento
1865 786 2059 834 Domini
2077 787 2233 834 Comi-

503 894 565 940 tis
599 892 669 939 Et
699 894 756 939 de
778 894 831 954 iij
856 894 906 939 li.
930 894 978 955 vj
1006 896 1041 940 ἔ.
1065 894 1148 955 viij
1179 891 1225 940 d.
1247 902 1420 956 recept.
1447 912 1477 943 a
1509 896 1723 960 Georgeo
1757 897 1998 957 Balberny
2020 895 2232 958 serjando

500 1005 559 1050 de
579 1003 755 1064 quibus
788 1002 916 1047 idem
936 999 1181 1062 serjandus
1212 1004 1419 1051 reddidit
1441 1013 1711 1066 compotum
1741 1013 1798 1052 ut
1831 1012 1964 1066 patet
1995 1006 2046 1052 in
2072 1007 2231 1052 eodem

500 1112 686 1159 reddito
709 1111 837 1172 apud
858 1109 1085 1157 Dunkeld
1107 1112 1356 1159 undecimo
1379 1114 1454 1160 die
1476 1111 1646 1161 mensis
1667 1115 1699 1160 J
1701 1117 1885 1162 anuarii
1907 1131 2033 1163 anno
2054 1116 2231 1162 domini

498 1218 745 1268 millefimo
767 1216 1144 1281 quingentesimo
1165 1222 1285 1283 xijm⁰

633 1330 832 1377 Summa
852 1329 999 1392 hujus
1023 1330 1194 1376 oneris.

635 1438 835 1485 Summa
857 1439 1009 1485 tocius
1032 1439 1187 1485 oneris
1210 1436 1416 1501 Argenti
1439 1404 1530 1502 vijc
1550 1440 1636 1486 xix
1657 1440 1706 1486 li.
1723 1440 1805 1501 xvj
1831 1440 1866 1487 ἔ.
1890 1440 1957 1501 vij
1980 1437 2026 1486 d.

633 1546 831 1595 Summa
853 1548 1005 1594 tocius
1029 1547 1183 1595 oneris
1207 1562 1316 1594 cum
1339 1546 1497 1603 Resta,
1519 1513 1610 1610 vijc
1629 1513 1756 1610 iiijxx
1779 1549 1831 1595 ix
1852 1549 1901 1595 li.
1924 1562 1958 1594 x
1979 1549 2014 1594 ἔ.
2038 1548 2090 1609 iij
2113 1545 2160 1598 d.

566 1874 887 1926 EXPENSE
921 1874 1197 1923 ARGENTI.
1282 1875 1342 1922 In
1377 1877 1544 1937 primis
1574 1877 1802 1924 allocatur
1834 1876 2122 1936 compotanti
2151 1890 2236 1936 per

499 1988 831 2036 liberacionem
860 1986 1035 2034 factam
1066 1985 1339 2033 cedentibus
1369 1986 1615 2033 duodecim
1646 2000 1763 2033 axes
1793 1987 1844 2032 in
1872 1982 1990 2032 silva
2015 1986 2076 2031 ad
2101 1986 2236 2031 redas

501 2098 656 2158 operis
678 2097 761 2159 xvj
786 2093 821 2143 d
886 2095 956 2143 Et
988 2097 1220 2145 allocatur
1242 2095 1394 2141 eidem
1429 2110 1514 2155 per
1543 2095 1832 2156 empcionem
1863 2095 2036 2157 viginti
2064 2093 2236 2155 septem

497 2209 733 2255 bonarum
757 2220 1017 2254 avenarum
1050 2205 1207 2266 precio
1229 2204 1354 2252 bolle
1374 2205 1574 2267 triginta
1606 2205 1787 2252 denarii
1820 2205 1871 2250 in
1909 2218 2034 2250 anno
2058 2204 2236 2250 domini

500 2326 577 2366 'tc‘
624 2319 673 2363 ve
720 2317 971 2364 undecimo
1019 2321 1067 2363 et
1111 2315 1331 2362 undecim
1382 2314 1615 2361 bollarum
1661 2314 1818 2374 precio
1869 2313 1990 2359 bolle
2027 2313 2235 2372 quinque

498 2426 634 2475 solidi
666 2427 910 2475 deliberat.
933 2425 967 2473 J
967 2425 1112 2474 acobo
1147 2425 1296 2486 Muyr
1331 2424 1546 2471 averario
1573 2423 1754 2470 domini
1786 2423 1845 2468 de
1865 2420 2040 2482 quibus
2062 2421 2234 2482 viginti

500 2536 677 2597 septem
710 2536 848 2584 bellis
892 2536 1100 2583 reddidit
1133 2540 1406 2596 compotum
1450 2533 1578 2593 apud
1611 2530 1925 2578 Dounkelden
1961 2529 2038 2575 die
2071 2535 2234 2575 octavo

500 2643 670 2695 menfis
709 2645 930 2692 Octobris
964 2659 1090 2693 anno
1128 2652 1206 2691 ‘'cc*
1250 2646 1298 2691 ve
1350 2642 1597 2690 undecimo
1634 2656 1721 2702 pro
1761 2640 1959 2701 reliquis
1998 2636 2235 2698 respondit

502 2759 555 2804 in
586 2756 789 2818 pecunia
816 2756 863 2817 vj
888 2755 939 2802 li.
970 2755 1004 2816 ij
1030 2756 1066 2801 ὅ.
1094 2754 1143 2816 vj
1167 2750 1202 2801 d
1281 2752 1351 2800 Et
1383 2753 1612 2799 allocatur
1643 2751 1796 2797 eidem
1828 2763 1916 2809 per
1948 2748 2233 2808 empcionem

501 2869 706 2916 duorum
728 2866 936 2914 millium
957 2865 1365 2926 noningentorum
1377 2861 1698 2923 quadraginta
1718 2865 1766 2906 et
1789 2865 1894 2906 octo
1916 2871 2112 2904 onerum
2135 2869 2234 2900 are-

502 2991 689 3032 narum,
722 2976 880 3037 precio
912 2971 1162 3037 cujussibet
1194 2973 1348 3020 oneris
1384 2971 1572 3025 obuluS,
1606 2970 1850 3017 extenden.
1874 2968 1924 3013 in
1952 2964 2147 3026 pecunia
2173 2965 2232 3009 ad
