2964 3892
912 546 1138 590 PONTIS
1167 545 1666 590 DUNKELDENSIS.
2074 554 2170 602 107

417 697 587 743 dorum
622 694 803 743 custodi
838 712 867 742 a
899 694 1074 759 xxiiijto
1108 695 1398 742 Novembris
1432 695 1546 741 anni
1582 701 1662 740 '⁵cc⁴
1694 695 1743 740 v⁰
1772 694 1839 756 xij
1877 695 1929 740 in
1963 695 2089 741 diem
2123 703 2170 743 et

417 918 500 979 viij
527 915 572 963 d.
632 917 701 963 Et
724 919 956 963 allocatur
980 917 1132 962 eidem
1157 931 1243 976 per
1266 915 1601 962 liberacionem
1623 914 1800 962 factam
1822 913 1855 959 J
1857 914 2036 960 ohanni
2060 913 2171 960 Scot

414 1028 497 1087 qui
520 1028 654 1087 prius
678 1026 838 1072 fuerat
870 1024 1034 1071 servus
1069 1024 1250 1070 Decani
1279 1026 1482 1070 intranti
1511 1025 1572 1070 ad
1604 1040 1723 1085 opus
1752 1024 1912 1085 pontis
1943 1020 2170 1086 vigefimo

413 1138 570 1196 primo
597 1135 887 1181 Novembris
920 1135 1035 1181 anni
1067 1141 1147 1180 '²¹:c0
1173 1137 1220 1179 vc
1242 1131 1356 1195 xijmi
1386 1141 1634 1194 recepturo
1664 1136 1880 1182 modium
1909 1135 2089 1181 farrine
2118 1137 2170 1182 in

412 1244 674 1306 septimana
697 1251 744 1291 et
767 1251 873 1291 octo
897 1245 1118 1291 denarios
1141 1244 1174 1305 ij
1202 1247 1236 1289 ἕ.
1294 1242 1365 1289 Et
1389 1245 1620 1289 allocatur
1644 1246 1796 1291 eidem
1818 1261 1904 1306 per
1925 1245 2170 1293 liberacio-

411 1371 521 1401 nem
554 1355 732 1402 factam
767 1354 1078 1401 M⁰Walkane
1112 1352 1284 1400 seniori
1314 1354 1500 1415 regenti
1531 1369 1709 1415 equum
1741 1360 1790 1401 et
1825 1353 2043 1401 trahame
2077 1371 2166 1416 pro

411 1466 652 1528 lapidibus
685 1467 1004 1526 importandis
1035 1467 1096 1511 ad
1118 1461 1182 1511 lie
1205 1461 1424 1510 hulwark
1447 1465 1500 1510 in
1522 1465 1787 1510 mercedem
1815 1464 1992 1511 laboris
2021 1466 2107 1527 xiij
2133 1468 2168 1512 ἔ.

410 1578 480 1639 iiij
506 1575 553 1623 d.
621 1576 691 1623 Et
715 1578 947 1622 allocatur
970 1577 1122 1622 eidem
1151 1591 1237 1635 per
1268 1575 1636 1621 defalcacionem
1666 1574 1843 1621 factam
1875 1578 2168 1636 compotanti

413 1703 472 1734 ex
496 1703 551 1734 eo
575 1689 705 1748 quod
728 1685 908 1733 restant
931 1688 983 1732 in
1006 1687 1109 1747 ejus
1134 1691 1353 1746 compoto
1377 1686 1632 1731 decanatus
1655 1686 1841 1732 reddito
1864 1687 1994 1746 apud
2011 1686 2168 1748 Clony

411 1800 583 1845 ultimo
607 1798 682 1844 die
706 1794 878 1843 menfis
903 1796 1195 1850 Decembris,
1228 1796 1342 1841 anni
1368 1802 1448 1840 *tc*
1472 1797 1522 1840 v⁰
1543 1795 1783 1841 undecimi
1849 1794 1919 1841 Et
1942 1801 2168 1843 oneratur

410 1909 468 1953 de
490 1923 617 1954 novo
641 1908 692 1953 in
716 1908 936 1967 proximo
960 1912 1180 1966 compoto
1200 1906 1456 1952 decanatus
1473 1906 1719 1966 preceden.
1737 1906 1795 1951 de
1812 1903 1997 1951 summa
2013 1906 2164 1952 decim

410 2018 642 2064 librarum
678 2024 725 2064 et
747 2018 798 2063 in
822 2016 912 2063 hoc
936 2022 1156 2076 compoto
1179 2017 1247 2094 de·
1260 2017 1425 2062 eadem
1447 2013 1631 2062 summa
1664 2016 1816 2062 decim
1850 2015 2085 2062 librarum
2116 2021 2165 2062 et

412 2129 485 2175 bis
511 2134 738 2175 oneratur
760 2142 794 2173 x
816 2128 866 2172 li.

546 2349 745 2397 Summa
768 2348 984 2395 omnium
1008 2345 1319 2408 expensarum
1342 2363 1429 2408 per
1451 2353 1638 2407 tempus
1663 2346 1868 2407 compoti
1891 2347 2015 2393 circa
2038 2345 2166 2393 Pon-

610 2465 708 2506 tem
734 2460 821 2520 vijc
843 2459 964 2520 xliiij
991 2459 1040 2505 li.
1065 2459 1098 2520 ij
1127 2462 1161 2504 ἔ.
1185 2459 1251 2520 vij
1273 2472 1296 2517 3
1321 2459 1367 2504 d.
1434 2457 1504 2504 Et
1527 2454 1588 2503 fic
1611 2457 1751 2503 debet
1773 2462 2047 2517 compotans
2074 2471 2163 2517 pro

612 2569 786 2630 quibus
798 2568 1109 2630 'respondebit
1132 2569 1340 2616 Domino
1363 2570 1446 2615 xlv
1468 2568 1517 2614 li.
1541 2567 1607 2629 vij
1634 2570 1669 2613 ἔ.
1693 2566 1759 2628 vij
1776 2580 1801 2626 3
1823 2563 1891 2613 d.-
