2964 3892
792 530 855 575 88
1178 526 1530 571 COMPOTUM
1557 525 1859 570 MAGISTRI
1888 522 2152 568 FABRICE

793 675 859 737 vij
884 676 933 722 li.
958 676 1023 739 vij
1048 677 1072 722 Β
1135 675 1205 723 Et
1235 678 1464 723 allocatur
1500 676 1651 722 eidem
1686 688 1772 734 per
1801 672 2092 731 empcionem
2123 671 2372 718 duodecim
2403 670 2526 732 plus-

790 785 1004 832 culorum
1026 786 1307 847 equinorum
1333 784 1595 845 vulgariter
1615 779 1680 828 lie
1705 778 1868 843 girtht
1898 776 2064 826 bul-eles
2085 781 2146 826 ad
2169 778 2307 825 usum
2332 781 2525 826 veredo-

789 908 912 948 Υιιω,
931 895 1015 957 viij
1034 892 1081 941 d.
1131 894 1200 940 Et
1221 895 1449 940 allocatur
1470 892 1622 938 eidem
1645 906 1731 952 per
1754 892 2046 951 empcionem
2068 890 2213 936 unius
2235 889 2395 949 pincte
2411 903 2519 935 cum

788 1003 992 1050 dimedia
1015 1003 1259 1073 bituminis
1292 1002 1353 1049 ad
1376 1002 1716 1063 mittigandum
1739 1001 2029 1047 caliditatem
2064 999 2283 1046 umbonis
2306 1003 2522 1045 rotarum

786 1118 834 1158 et
854 1109 1112 1159 limandum
1135 1114 1294 1159 ulcera
1327 1127 1556 1173 equorum
1580 1109 1783 1158 lesorum
1805 1111 1872 1171 xij
1898 1107 1944 1156 d.
2011 1108 2081 1155 Et
2111 1110 2341 1155 allocatur
2369 1109 2521 1155 eidem

782 1234 867 1279 per
898 1220 1227 1268 liberacionem
1248 1221 1422 1269 factam
1445 1221 1655 1268 Patricio
1678 1220 1802 1281 Tiry
1825 1219 2034 1266 Patricio
2057 1217 2250 1265 Masone
2274 1224 2322 1264 et
2355 1218 2521 1264 multis

785 1330 889 1377 aliis
906 1331 1213 1392 carpentariis
1226 1332 1469 1378 conductis
1491 1346 1579 1391 pro
1600 1330 1766 1377 diebus
1789 1336 1838 1376 et
1854 1326 2126 1390 septimanis
2149 1330 2202 1375 in
2225 1330 2518 1390 adJutorium

785 1438 1082 1500 Carpentarii
1105 1441 1286 1502 proprii
1310 1441 1434 1487 circa
1456 1456 1578 1500 opus
1601 1441 1660 1486 de
1682 1436 1747 1485 lie
1768 1435 1986 1485 hulwarlc
2007 1435 2202 1485 diverfis
2226 1439 2408 1486 vicibus
2432 1454 2517 1499 per

782 1555 967 1609 tempus
1000 1550 1204 1610 compoti
1237 1564 1271 1595 x
1301 1550 1351 1595 li,
1380 1550 1462 1610 xvj
1488 1550 1523 1594 ἔ.
1553 1549 1602 1610 vj
1627 1546 1673 1594 d.
1757 1547 1829 1594 Et
1860 1563 1949 1608 pro
1979 1545 2043 1593 lie
2075 1545 2266 1594 hadder
2298 1549 2359 1594 ad
2392 1549 2519 1595 idem

779 1671 896 1716 opus
919 1658 989 1719 iiij
1014 1659 1048 1703 ἔ.
1072 1659 1106 1720 ij
1131 1655 1165 1704 d
1231 1657 1299 1704 Et
1326 1659 1556 1704 allocatur
1583 1658 1735 1703 eidem
1769 1672 1855 1717 per
1887 1658 2179 1717 empcionem
2201 1658 2268 1719 xij
2295 1656 2518 1717 capistro-

778 1782 884 1813 rum
918 1768 1197 1828 equinorum
1231 1768 1291 1814 ad
1326 1767 1527 1813 verudos
1558 1767 1715 1827 precio
1743 1764 1993 1828 cujussibet
2021 1764 2220 1813 sedecim
2252 1767 2435 1814 denarii
2464 1769 2516 1814 in

776 1877 974 1935 pecunia
989 1877 1070 1938 xvj
1091 1880 1126 1923 ἔ.
1159 1875 1230 1923 Et
1245 1878 1475 1923 allocatur
1492 1877 1644 1923 eidem
1662 1891 1747 1937 per
1762 1876 2095 1923 liberacionem
2112 1876 2289 1923 factam
2302 1873 2334 1922 J
2336 1877 2514 1924 ohanni

777 1985 904 2032 Lard
927 1991 975 2032 et
996 1985 1140 2033 servis
1162 1987 1213 2032 in
1246 1987 1508 2033 mercedem
1538 1986 1713 2033 laboris
1736 1987 2059 2033 corticacionis
2082 1987 2344 2034 corriorum
2367 1988 2428 2034 ad
2451 1985 2516 2034 lie

777 2090 992 2140 hulwark
1018 2095 1095 2157 vi3
1127 2109 1299 2143 novem
1331 2095 1580 2141 dacrarum
1614 2101 1663 2141 et
1691 2096 1905 2156 quinque
1932 2096 2074 2157 hydis
2106 2097 2192 2142 xix
2219 2099 2255 2142 ἔ.
2279 2097 2334 2158 iij
2356 2093 2390 2142 d
2444 2096 2514 2143 Et

753 2258 757 2262 .
776 2193 1003 2250 audeatur
1023 2203 1176 2249 eidem
1197 2218 1283 2264 per
1306 2204 1596 2264 empcionem
1620 2204 1795 2266 viginti
1817 2205 1961 2251 unius
1984 2205 2219 2251 bollarum
2238 2220 2347 2252 cum
2365 2207 2513 2253 dime-

776 2312 854 2358 dia
875 2318 923 2358 et
944 2312 1099 2359 tribus
1120 2312 1288 2359 firlotis
1311 2314 1496 2360 corticis
1527 2314 1589 2360 ad
1610 2314 1737 2361 dicta
1769 2316 1897 2361 coria
1929 2315 2200 2362 corticanda
2221 2316 2306 2377 xlij
2333 2318 2367 2361 ἔ.
2392 2317 2440 2377 vj
2465 2313 2510 2361 d.

773 2419 841 2467 Et
869 2422 1099 2468 allocatur
1120 2422 1272 2468 eidem
1296 2437 1381 2482 per
1402 2423 1694 2484 empcionem
1715 2422 2044 2485 septemdecim
2066 2425 2299 2472 librarum
2323 2433 2371 2472 et
2394 2425 2510 2471 duo-

775 2543 880 2574 rum
914 2525 978 2574 lie
1010 2528 1176 2593 wespis
1207 2531 1381 2578 calabis
1414 2533 1548 2579 vario
1581 2535 1739 2594 precio
1770 2536 1853 2597 xvj
1892 2537 1927 2581 ἔ.
1962 2536 2013 2581 ix
2047 2532 2093 2580 d.
2178 2533 2247 2581 Et
2280 2535 2511 2581 allocatur

772 2638 923 2685 eidem
951 2654 1038 2700 per
1067 2641 1357 2701 empcionem
1387 2643 1535 2689 trium
1557 2649 1803 2704 petrarum
1825 2650 1873 2691 et
1894 2644 2252 2705 quatuordecim
2274 2644 2507 2691 librarum

769 2747 869 2794 eebi
893 2755 942 2795 et
973 2750 1081 2809 plus
1113 2747 1285 2810 absque
1317 2752 1521 2810 pondere
1551 2754 1612 2800 ad
1643 2752 1782 2800 usum
1808 2753 2295 2801 rotarum'fabrorum
2318 2751 2507 2800 servan-

773 2858 892 2904 tium
923 2872 980 2904 ac
1010 2858 1245 2919 reliquum
1282 2873 1400 2919 opus
1433 2863 1592 2921 pontis
1625 2863 1724 2925 xvij
1751 2867 1788 2910 ἔ.
1813 2865 1862 2926 vj
1887 2860 1935 2910 d.
1993 2862 2063 2910 Et
2086 2863 2316 2909 allocatur
2338 2863 2505 2916 eidem,

772 2981 856 3026 per
899 2967 1191 3029 empcionem
1234 2969 1533 3017 candelarum
1574 2973 1635 3018 ad
1673 2970 1856 3020 stabula
1877 2973 2183 3020 .verudorum
2222 2987 2307 3032 per
2350 2978 2509 3019 totum
