2964 3892
954 644 1174 690 PONTIS
1204 643 1703 690 DUNKELDENSIS.
2124 648 2184 698 91

443 796 645 857 pecunia
665 795 834 857 xxxvij
860 795 909 842 li.
935 795 983 858 vj
1010 800 1045 842 ἔ.
1068 796 1152 858 viij
1178 793 1224 842 d.
1292 794 1362 842 Et
1393 795 1625 841 allocatur
1654 793 1807 840 eidem
1834 806 1918 853 per
1946 791 2190 838 liberacio-

439 921 549 954 nem
571 906 749 954 factam
779 905 1034 953 Malcolmo
1065 905 1231 953 Sawar
1259 907 1313 953 in
1344 906 1610 953 mercedem
1636 904 1813 951 laboris
1836 900 2057 949 existenti
2079 914 2187 948 cum

444 1015 633 1063 Thoma
658 1016 866 1077 Wrycht
889 1031 919 1062 a
940 1017 1122 1062 decimo
1145 1016 1314 1076 quinto
1336 1015 1614 1063 Decembris
1637 1015 1751 1062 anni
1777 1022 1853 1061 *tc*
1878 1015 1928 1059 νο
1948 1011 2189 1060 undecimi

437 1127 490 1175 in
522 1127 749 1173 ultimum
781 1122 953 1172 mensis
987 1124 1243 1171 Februarii
1277 1123 1487 1187 ejusdem
1533 1127 1647 1172 anni
1688 1121 1884 1172 diversis
1918 1122 2104 1170 vicibus
2137 1121 2190 1167 in

436 1234 552 1283 filva
573 1250 661 1296 pro
684 1234 902 1281 cedendis
924 1234 1070 1296 lignis
1093 1234 1270 1294 aptatis
1295 1235 1347 1280 in
1370 1235 1546 1281 tabulis
1577 1236 1639 1281 ad
1671 1250 1792 1296 opus
1815 1229 2063 1280 Bulwark
2092 1232 2127 1293 lj
2153 1233 2188 1278 ἔ.

433 1345 482 1407 vj
500 1342 547 1391 d.
597 1343 668 1391 Et
691 1345 923 1391 allocatur
946 1344 1099 1390 eidem
1121 1358 1207 1405 per
1224 1343 1560 1390 liberacionem
1576 1344 1756 1391 factam
1778 1344 2000 1391 Donaldo
2024 1341 2190 1389 Sawar

434 1453 611 1514 capien.
636 1468 723 1514 per
744 1469 924 1500 annum
948 1453 1268 1516 quadraginta
1283 1452 1454 1501 solidos
1473 1453 1602 1501 feodi
1618 1468 1728 1501 cum
1746 1453 1956 1514 prandeo
1979 1451 2189 1500 Domino

431 1562 643 1625 presente
678 1570 726 1611 et
753 1563 934 1612 ferrina
963 1579 1019 1611 eo
1052 1562 1241 1612 absente
1269 1579 1299 1611 a
1329 1560 1556 1627 vigefimo
1586 1564 1757 1625 quinto
1785 1562 2039 1610 Februarii
2070 1561 2184 1609 anni

432 1679 512 1721 'tc‘
534 1677 586 1721 v⁰
607 1675 847 1722 undecimi
869 1675 921 1722 in
955 1675 1158 1722 eundem
1181 1675 1308 1722 diem
1342 1690 1467 1722 anno
1494 1676 1712 1722 revoluto
1741 1673 1916 1722 scilicet
1938 1675 1987 1721 v⁰
2009 1672 2184 1721 duode-

431 1785 553 1831 cimo
587 1785 793 1846 demptis
821 1785 931 1832 inde
954 1785 1167 1846 quinque
1190 1783 1348 1832 solidis
1372 1790 1420 1832 et
1442 1790 1651 1846 quatuor
1671 1784 1880 1832 denariis
1904 1784 2020 1844 quia
2051 1782 2183 1829 infir-

431 1894 654 1942 mabatur
687 1910 861 1942 novem
883 1865 1157 1955 septimanis
1180 1894 1355 1956 quibus
1390 1909 1450 1942 ex
1483 1891 1735 1964 elemosma
1754 1894 1933 1955 recepit
1953 1893 2184 1941 ferrinam

429 2004 600 2067 xxxiiij
627 2008 662 2051 ἔ.
686 2006 770 2067 viij
796 2002 843 2051 d.
898 2003 969 2052 Et
992 2006 1222 2052 allocatur
1244 2005 1398 2052 eidem
1422 2004 1632 2051 Domino
1655 2002 1845 2053 absente
1867 2005 1920 2052 in
1941 2000 2006 2050 lie
2028 2000 2183 2065 dyner

432 2120 480 2163 et
508 2112 841 2175 nwnfi’lzanlcis
869 2115 1050 2176 capien.
1081 2115 1330 2163 denarium
1364 2116 1441 2163 die
1471 2130 1569 2162 non
1601 2114 1773 2163 feriato
1808 2115 1860 2162 in
1894 2115 2021 2163 dicto
2055 2129 2181 2161 anno

429 2225 481 2286 iij
507 2228 542 2272 ἔ.
562 2225 614 2286 xj
639 2223 686 2271 d.
755 2224 824 2271 Et
855 2225 1008 2271 eidem
1037 2225 1090 2271 in
1119 2239 1245 2272 anno
1275 2225 1457 2272 domini
1491 2233 1570 2272 *tc*
1595 2226 1643 2272 vc
1665 2225 1849 2272 decimo
1871 2224 2020 2272 tercio
2042 2222 2183 2284 septi·

427 2334 582 2382 manis
616 2340 665 2381 et
698 2333 867 2381 diebus
903 2334 1020 2381 dum
1056 2333 1217 2382 fuerat
1251 2335 1313 2382 ad
1347 2349 1467 2395 opus
1503 2334 1664 2395 pontis
1699 2335 1751 2381 in
1786 2335 1914 2382 diem
1951 2332 2180 2395 presentis

427 2445 635 2505 compoti
664 2440 891 2492 inclufive
927 2458 987 2491 ex
1015 2444 1293 2506 juramento
1324 2446 1608 2506 carpentarii
1638 2444 1756 2507 xviij
1787 2448 1822 2491 ἕ.
1905 2444 1976 2490 Et
2009 2445 2178 2491 alloca-

426 2560 507 2600 tur
535 2554 687 2602 eidem
716 2569 805 2614 pro
833 2552 1091 2603 serratione
1124 2556 1331 2602 duarum
1363 2556 1595 2603 rudarum
1619 2555 1893 2602 tabularum
1916 2555 1975 2602 de
1998 2570 2177 2616 quercu

426 2662 526 2723 xxij
552 2667 587 2709 ἔ.
655 2662 726 2710 Et
747 2678 832 2723 per
854 2663 1187 2713 liberacionem
1216 2643 1407 2713 factam
1422 2664 1632 2712 Patricio
1653 2664 1821 2712 Sawar
1841 2662 2042 2712 serranti
2065 2680 2175 2712 cum

429 2771 618 2819 Thema
654 2771 820 2819 Sawar
863 2773 1053 2821 infirmo
1087 2775 1215 2822 dicto
1249 2775 1471 2822 Donaldo
1515 2775 1567 2821 in
1602 2776 1865 2823 mercedem
1897 2774 1969 2822 sui
2002 2775 2178 2823 laboris

1800 2855 1833 2874 01'

427 2989 613 3037 Thome
642 2989 809 3039 Sawar
841 2991 894 3038 in
922 2991 1226 3041 refectionem
1255 3009 1527 3055 pannorum
1554 3000 1603 3042 et
1631 2995 1683 3042 in
1716 2991 1781 3042 lie
1802 2992 1957 3056 dyner
1978 3001 2026 3042 et
2049 3008 2180 3041 nwn-

405 3097 642 3158 schankis
663 3117 693 3150 a
713 3117 841 3153 nono
869 3101 1150 3154 Decembris
1174 3104 1289 3153 anni
1309 3111 1388 3153 'ic‘
1406 3107 1455 3154 v⁶
1471 3105 1710 3154 undecimi
1732 3106 1784 3154 in
1801 3106 1929 3154 diem
1945 3105 2180 3152 decimum
