2964 3892
916 539 1144 584 PONT1s
1173 513 1702 597 DUNKELDENSIS„
1886 561 1890 565 ·
1959 554 1962 558 ⁴
2074 549 2167 597 109

416 705 446 735 a
477 690 685 736 Domino
717 688 906 735 Thoma
929 688 1078 752 Greig
1107 689 1420 750 prebendario
1451 690 1509 735 de
1541 687 1720 750 Alytht
1750 690 1946 734 nomine
1975 689 2169 736 Domini

417 799 484 846 Et
513 801 571 845 de
604 814 636 845 v
657 800 706 845 li.
737 805 909 859 recept.
941 815 970 846 a
1001 797 1235 862 Magistro
1263 799 1443 846 Jacobo
1472 799 1584 861 Lyn
1612 799 1805 845 nomine
1834 799 2031 845 Domini
2100 799 2168 846 Et

417 911 474 956 de
506 910 591 972 xiij
617 910 667 955 11.
691 910 739 970 vj
767 913 802 955 ἔ.
827 909 912 970 viij
938 906 984 954 d.
1016 914 1188 969 recept.
1223 924 1252 955 a
1284 909 1493 955 Domino
1525 908 1746 956 Johanne
1780 908 1944 970 Bryde
1981 911 2170 956 nomine

419 1019 752 1080 Pat1·icii·Hay
778 1020 836 1064 de
859 1017 1106 1079 Eschindy
1127 1019 1314 1064 racione
1336 1017 1416 1065 sue
1440 1019 1748 1081 obligacionis
1772 1021 1898 1081 apud
1926 1026 2031 1066 acta
2055 1020 2166 1066 fact.

415 1131 541 1177 dicto
564 1117 855 1189 compotanti
878 1097 1149 1174 ceffionario
1171 1128 1370 1174 Domini
1393 1129 1444 1174 in
1466 1129 1555 1175 1136
1577 1135 1713 1189 parte
1771 1130 1841 1176 Et
1863 1131 1923 1176 de
1947 1131 2055 1176 aliis
2079 1131 2164 1191 xiij

414 1241 461 1285 li.
488 1241 534 1301 vj
562 1243 596 1284 ἔ.
621 1238 706 1300 viij
727 1235 771 1284 d.
797 1244 972 1298 recept.
999 1238 1058 1284 ab
1083 1239 1247 1285 eodem
1271 1237 1481 1283 Patricio
1504 1239 1555 1283 in
1579 1239 1860 1298 completam
1883 1236 2167 1285 solucionem

414 1349 690 1410 octuaginta
714 1363 980 1393 mercarum
1003 1363 1088 1407 per
1108 1362 1216 1393 eum
1235 1346 1445 1393 Domino
1463 1346 1729 1393 debitarum
1748 1353 1796 1393 et
1812 1347 1988 1393 fabrice
2006 1349 2168 1408 pontis

412 1455 748 1520 affignatarum
772 1474 858 1515 per
886 1473 1058 1504 manus
1089 1458 1251 1504 Dauid
1282 1456 1610 1519 Skrymgeour
1639 1458 1698 1503 de
1729 1457 1928 1518 Fardyll
1959 1455 2169 1503 Domino

410 1576 459 1615 et
490 1569 781 1629 compotanti
812 1568 1035 1615 satisfact.
1103 1567 1172 1614 Et
1195 1569 1252 1613 de
1276 1582 1343 1613 xx
1365 1568 1414 1613 li.
1438 1583 1467 1613 a
1497 1567 1689 1613 Decano
1711 1566 2032 1613 Dounkelden
2100 1566 2180 1613 Et.

412 1679 469 1723 de
493 1648 562 1739 iiij
583 1678 632 1722 li.
657 1693 685 1722 a
707 1675 972 1723 subdecano
996 1675 1205 1738 ejusdem
1262 1675 1331 1722 Et
1355 1677 1413 1722 de
1436 1676 1484 1737 vj
1506 1676 1551 1721 li.
1578 1675 1662 1737 xiij
1684 1679 1717 1721 ἔ.
1742 1646 1811 1737 ii'ij
1832 1672 1878 1721 d.
1903 1691 1932 1721 a
1955 1675 2166 1721 Domino

414 1788 602 1835 Thoma
634 1787 782 1849 Greig
812 1788 1126 1847 prebendario
1157 1788 1214 1833 de
1245 1786 1424 1847 Alytht
1490 1785 1560 1832 Et
1586 1787 1643 1832 de
1666 1786 1718 1847 iij
1745 1786 1795 1831 li.
1819 1785 1867 1847 vj
1894 1790 1929 1832 ἔ.
1954 1786 2038 1848 viij
2065 1784 2111 1832 d.
2137 1802 2165 1832 a

414 1896 646 1961 Magistro
676 1897 708 1943 J
711 1898 897 1944 ohanne
932 1897 1093 1944 Lacok
1127 1897 1438 1957 prebendario
1471 1897 1528 1942 de
1551 1895 1735 1956 Capeth
1803 1895 1872 1942 Et
1896 1897 1953 1941 de
1977 1893 2055 1942 ΧΓ]
2080 1900 2116 1941 ἔ.
2139 1912 2168 1941 3

413 2006 646 2070 Magistro
669 2008 829 2054 Dauid
853 2007 1105 2068 Wauchop
1128 2007 1440 2067 prebendario
1465 2007 1523 2053 de
1548 2006 1712 2052 Ruffill
1780 2005 1848 2052 Et
1871 2007 1930 2052 de
1955 2003 2035 2052 xltj
2054 2010 2088 2052 ἔ.
2107 2007 2168 2052 ab
2215 2065 2225 2081 ,
2246 2064 2259 2067 -

411 2121 575 2166 6οἀ6111
601 2121 793 2166 1101111116
815 2119 1013 2165 Domini
1032 2090 1287 2164 ‘Willielmi
1312 2078 1519 2163 Moncur
1547 2116 1847 2177 prebendarii
1870 2117 1928 2163 de
1952 2116 2171 2162 Lundeif
2207 2082 2215 2089 Ι

412 2228 480 2275 Et
512 2230 571 2275 de
595 2244 629 2275 x
651 2230 700 2275 li.
726 2234 898 2289 recept.
923 2228 984 2274 ab
1007 2226 1282 2274 Alexandro
1306 2227 1488 2273 Lowell
1522 2228 1713 2273 nomine
1745 2224 1969 2288 Magistri
1999 2226 2165 2272 Jacobi

409 2339 630 2386 Fentoun
655 2339 946 2400 precentoris
970 2337 1285 2387 Dounkelden
1326 2329 1330 2333 ’

1463 2416 1496 2434 01·

539 2447 739 2494 Summa
761 2449 913 2494 tocius
938 2447 1094 2493 oneris
1111 2447 1153 2508 j⁰
1174 2445 1327 2506 xxxiij
1354 2446 1403 2490 li.
1429 2445 1533 2506 xiiij
1561 2448 1595 2490 ἔ.
1618 2460 1641 2504 3
1664 2442 1710 2490 d.

474 2774 795 2822 EXPENSE
829 2772 1074 2838 Ejusdem*
1128 2775 1187 2821 In
1218 2776 1386 2836 primis
1418 2775 1649 2820 allocatur
1676 2775 1967 2835 compotanti
2000 2789 2086 2834 per
2109 2775 2164 2819 li-

409 2887 707 2933 beracionem
730 2886 907 2932 factam
930 2886 1054 2931 circa
1076 2899 1187 2931 axes
1210 2886 1271 2931 ad
1293 2884 1464 2947 bighas
1487 2885 1538 2930 in
1562 2881 1680 2930 filva
1702 2884 1734 2945 ij
1756 2887 1791 2930 ἔ.
1843 2883 1912 2929 Et
1931 2884 2163 2929 allocatur

406 2987 555 3032 eidem
593 2986 645 3032 in
679 2985 996 3032 lucracionem
1032 2991 1080 3030 et
1121 2985 1392 3030 ductionem
1434 2983 1563 3029 mille
1603 2984 1913 3029 ducentorum
1961 2983 2162 3043 triginta

1268 3106 1297 3138 P
