2918 3900
1230 528 1305 577 Vn

392 657 647 744 aliouando
682 685 758 729 vel
792 683 955 729 Latini
990 683 1220 729 sermonis
1254 682 1535 742 proprietati
1573 684 1905 744 repugnantia.
1976 683 2135 730 Multa

394 816 495 862 sine
519 815 665 862 dubio
688 821 870 861 restant
894 815 1190 876 corrigenda.

460 946 534 992 De
551 947 806 1006 appendice
829 945 1031 1005 denique
1053 959 1204 1004 pauca
1226 946 1473 991 monenda.
1536 945 1626 991 Illa
1644 951 1829 992 constat
1852 961 1877 992 e
1901 948 2136 1006 computis

395 1078 693 1138 quibusdam,
733 1076 966 1136 excerptis
1007 1076 1065 1120 de
1106 1077 1255 1121 veteri
1294 1076 1418 1122 libro
1464 1083 1797 1137 computorum
1840 1079 2140 1139 episcopatus

396 1208 761 1262 Dunkeldensis‚
796 1208 951 1253 codice
985 1207 1293 1267 amplissimae
1327 1209 1640 1263 auctoritatis,
1676 1211 1753 1255 eui
1784 1212 1937 1256 multa
1971 1212 2138 1258 insunt

397 1355 505 1400 quae
545 1340 722 1400 publici
756 1339 882 1400 juris
916 1339 1018 1384 fieri
1052 1346 1287 1385 mererent
1313 1354 1325 1394 ;
1374 1341 1585 1400 computi
1620 1346 1780 1387 autem
1814 1342 2139 1402 impensarum

396 1472 554 1531 pontis
577 1470 929 1517 Dunkeldensis
953 1470 1198 1516 edificandi
1222 1472 1490 1530 praesertim
1513 1473 1654 1518 utiles
1674 1474 1765 1519 visi
1783 1480 1912 1528 sunt,
1931 1475 1991 1519 ad
2009 1475 2141 1520 illus-

397 1603 621 1648 trandum
649 1602 823 1647 librum
857 1603 914 1647 de
938 1602 1183 1661 episcopis,
1211 1603 1295 1662 qui
1326 1602 1454 1647 hunc
1485 1608 1680 1662 pontem
1704 1605 1969 1651 condidisse
1991 1587 2152 1651 maxi-⁹

314 1743 317 1745 “
398 1750 531 1780 mum
555 1735 643 1780 sibi
668 1734 895 1779 honorem
915 1734 1170 1787 duxerunt,
1194 1738 1242 1779 et
1265 1734 1403 1794 cujus
1421 1734 1532 1779 libri
1550 1741 1715 1781 auctor
1731 1736 1969 1795 impensas
1987 1738 2143 1797 operis

397 1867 498 1925 ipse
538 1865 906 1918 administravit,
950 1869 978 1889 “
1014 1864 1248 1926 Magister
1286 1864 1464 1910 fabrice
1500 1867 1691 1925 pontis’'
1731 1869 2008 1927 appellatus.
2092 1869 2142 1915 Si

397 2003 618 2057 excerpta
635 2003 799 2043 nostra
816 1998 866 2042 in
884 1997 1082 2042 taedium
1100 1997 1298 2056 produci
1313 1997 1580 2052 videantur,
1596 1999 1673 2043 vel
1689 1999 1794 2044 haec
1808 2001 1872 2045 sit
1889 2003 2143 2057 excusatio,

396 2130 524 2190 quod
553 2143 706 2175 mores
734 2128 930 2188 quidam
960 2128 1133 2173 exoleti
1166 2128 1218 2173 in
1251 2127 1327 2173 his
1360 2130 1593 2189 computis
1622 2129 1905 2187 referantur,
1936 2139 1984 2179 et
2007 2148 2143 2181 voces

397 2262 541 2307 etiam
585 2261 843 2307 rarissimae
889 2265 937 2305 et
984 2275 1093 2320 quae
1140 2259 1256 2306 alibi
1301 2259 1482 2306 frustra
1521 2262 1738 2322 quaesitae
1778 2263 1949 2319 forent,
1989 2266 2040 2311 in
2077 2267 2142 2312 eis

399 2398 661 2438 occurrant.

465 2523 663 2570 Accedit
682 2523 796 2569 huic
818 2524 1015 2570 editioni
1037 2523 1285 2569 nominum
1312 2529 1360 2569 et
1382 2525 1594 2570 locorum
1617 2526 1774 2572 index.
