2964 3892
902 534 1127 579 PONTIS
1157 534 1652 579 DUNKELDENSIS.
2056 545 2080 586 1
2090 544 2112 586 1
2122 544 2148 587 1

410 686 624 727 mentum
658 682 872 741 lapidum
908 682 1141 731 sectorum
1174 686 1270 731 duo
1303 681 1354 747 ly
1381 681 1632 747 Ryddillis
1667 686 1825 745 precio
1865 685 1948 745 viij
1973 682 2020 730 d.
2088 685 2156 731 Et

410 791 563 836 eidem
594 792 645 836 in
676 793 966 852 empcionem
1001 800 1210 855 quatuor
1242 797 1466 841 cellarum
1503 796 1771 858 lignearum
1806 795 1867 841 ad
1895 795 2100 840 verudos
2130 810 2158 840 a

413 899 683 962 M⁰carmyk
706 902 790 963 viij
816 899 862 949 d.
898 903 967 949 Et
989 904 1142 950 eidem
1165 920 1251 965 per
1273 906 1565 966 empcionem
1590 912 1696 952 octo
1718 905 1950 952 librarum
1975 904 2073 950 cebi
2101 904 2159 950 ab

412 1008 635 1072 Eugenio
659 1011 783 1057 Coco
806 1012 866 1057 ad
890 1013 1244 1074 mitigacionem
1266 1015 1522 1061 umborum
1546 1021 1760 1062 rotarum
1783 1015 2045 1061 calidorum
2078 1028 2162 1072 per

411 1126 599 1180 tempus
623 1121 829 1180 compoti
853 1121 886 1182 ij
907 1124 942 1167 ἔ.
978 1120 1048 1167 Et
1066 1123 1296 1168 allocatur
1315 1124 1467 1169 eidem
1485 1139 1570 1183 per
1587 1125 1880 1185 empcionem
1903 1120 1968 1169 lie
1987 1120 2177 1184 Drapf

411 1230 462 1275 in
485 1228 630 1276 estate
654 1231 767 1276 anni
791 1232 997 1291 compoti
1028 1230 1223 1278 diverfis
1247 1232 1431 1279 vicibus
1467 1234 1519 1279 ix
1542 1237 1576 1279 ἔ.
1601 1234 1685 1295 viij
1711 1231 1757 1279 d.
1827 1233 1897 1280 Et
1931 1235 2162 1279 allocatur

413 1338 564 1384 eidem
588 1354 672 1398 per
703 1340 1035 1387 liberacionem
1067 1341 1242 1388 factam
1268 1340 1461 1388 Andree
1485 1342 1681 1403 Smytht
1711 1342 1848 1389 fabro
1878 1343 2057 1402 capien.
2081 1357 2166 1402 per

415 1463 595 1494 annum
613 1450 763 1495 decim
789 1465 967 1496 mercas
992 1452 1043 1496 in
1056 1449 1127 1497 sui
1146 1453 1407 1498 mercedem
1432 1452 1608 1499 laboris
1623 1452 1744 1499 citra
1767 1453 2098 1498 allocacionem
2117 1452 2168 1496 in

419 1559 591 1605 ultimo
606 1565 826 1619 compoto
840 1561 1155 1620 compotantis
1175 1567 1222 1607 et
1240 1562 1361 1607 citra
1377 1576 1547 1608 novem
1567 1559 1738 1608 solidos
1756 1576 1841 1621 per
1854 1561 2169 1623 graniterium

419 1668 494 1715 Ac
501 1670 677 1731 viginti
688 1676 783 1716 tres
790 1669 903 1716 solid
909 1686 961 1716 os
975 1686 1061 1730 per
1074 1670 1391 1718 Willielmum
1401 1672 1680 1718 Wichtman
1690 1672 1882 1718 nomine
1890 1671 2086 1738 Domini
2096 1640 2165 1732 filij

417 1779 466 1824 li.
483 1780 552 1841 iiij
574 1783 609 1826 ἓ.
629 1781 712 1842 viij
733 1777 779 1826 d.
815 1780 882 1826 Et
899 1795 985 1840 per
1001 1781 1332 1827 liberacionem
1345 1781 1521 1827 factam
1538 1779 1716 1828 Alister
1731 1780 1927 1842 Smytht
1944 1782 1996 1826 in
2009 1780 2169 1826 labore

422 1889 623 1951 triginta
645 1890 857 1949 quinque
882 1886 946 1935 lie
963 1886 1141 1953 lumpis
1161 1890 1277 1937 ferri
1300 1891 1352 1936 in
1374 1890 1503 1937 ferra
1519 1906 1749 1951 equorum
1768 1896 1817 1937 et
1833 1895 2048 1937 rotarum
2105 1889 2173 1935 Et

422 2000 552 2044 mille
566 2000 877 2045 tricentorum
902 2001 1145 2047 clauorum
1171 2001 1232 2046 ad
1258 1998 1307 2062 ly
1326 1999 1543 2046 centreis
1562 2001 1695 2047 vario
1711 2000 1869 2060 precio
1886 1996 2175 2045 confiderata

422 2104 732 2170 groffitudine
771 2111 926 2170 operis
964 2116 1012 2156 et
1048 2111 1195 2156 clauis
1232 2117 1311 2155 *tc*
1336 2110 1486 2171 xxviij
1521 2113 1555 2155 ἔ.
1624 2108 1693 2154 Et
1729 2109 1880 2155 eidem
1911 2105 2089 2154 Alister
2125 2107 2175 2152 in

423 2217 763 2265 reformacione
785 2219 1023 2265 ferrorum
1048 2219 1368 2266 lathomorum
1395 2225 1442 2265 et
1465 2220 1666 2265 aliorum
1691 2215 2048 2264 necessariorum
2068 2231 2176 2276 ope-

425 2328 491 2374 ris
523 2328 707 2375 fabrilis
740 2331 900 2390 pontis
935 2346 965 2376 a
997 2330 1180 2376 decimo
1214 2330 1386 2390 quinto
1422 2330 1498 2375 die
1532 2326 1702 2375 menfis
1735 2327 1855 2374 Julii
1885 2327 1999 2374 anni
2024 2334 2103 2373 ‘ze-²
2128 2329 2175 2372 v⁶

429 2436 560 2500 xiiijtj
592 2440 644 2484 in
681 2440 807 2485 diem
842 2438 1071 2500 presentis
1101 2442 1309 2501 compoti
1337 2411 1422 2486 xiss
1457 2443 1491 2485 ἔ.
1529 2439 1594 2500 vij
1632 2435 1678 2484 d.
1709 2437 1852 2483 Dicto
1888 2438 1963 2483 die
1987 2438 2178 2483 ‚decimo

433 2549 602 2610 quinto
635 2547 668 2593 J
670 2549 755 2594 ulii
790 2550 1138 2596 exonerabatur
1171 2549 1389 2596 Andreas
1418 2547 1614 2609 Smytht
1686 2546 1756 2594 Et
1778 2548 2006 2593 allocatur
2028 2546 2178 2591 eidem

434 2657 743 2704 servitoribus
786 2659 1089 2718 portantibus
1129 2659 1291 2705 fenum
1334 2663 1549 2719 emptum
1589 2672 1714 2703 anno
1757 2663 1837 2703 'ze-²
1875 2658 1923 2701 vc
1956 2654 2088 2718 xiij‘¹⁰
2123 2659 2183 2703 ad

439 2768 635 2814 veredos
670 2768 730 2814 ab
764 2768 909 2829 Obuy
936 2770 997 2814 ad
1020 2768 1336 2814 Dounkelden
1361 2769 1394 2830 ij
1420 2772 1455 2814 ἓ.
1480 2764 1601 2830 vjd.
1682 2766 1753 2813 Et
1780 2768 2010 2813 allocatur
2032 2767 2183 2812 eidem

438 2892 524 2938 per
558 2877 890 2924 liberacionem
922 2878 1096 2925 factam
1129 2876 1406 2924 Alexandro
1435 2877 1640 2939 Murray
1667 2877 1880 2923 lathomo
1908 2876 1959 2921 in
1994 2874 2184 2920 feodum

439 2984 573 3034 suum
600 2988 657 3034 de
681 2989 880 3049 pecunia
910 2989 1030 3035 citra
1052 2989 1163 3035 vict.
1187 3004 1217 3034 a
1246 2988 1452 3035 termino
1482 2986 1643 3034 Sancti
1675 2986 1874 3033 Mertini
1905 2984 2017 3031 anni
2041 2990 2120 3030 *cc*
2140 2986 2186 3028 v⁶
