2964 3892
1003 513 1229 558 PONTIS
1259 511 1757 558 DUNKELDENSIS.
2168 520 2260 564 133

517 663 793 709 cadulorum
829 661 1200 710 sementinorum
1235 678 1321 724 per
1358 668 1550 724 tempus
1585 662 1792 722 compoti
1830 661 1913 722 viij
1947 662 1981 706 3.
2013 661 2063 706 ix
2090 658 2136 708 d.
2193 660 2261 708 Et

517 771 732 819 Waltero
756 772 864 818 Duf
879 788 968 833 pro
991 772 1280 820 confectione
1297 774 1555 820 octodecim
1578 770 1643 819 lie
1659 767 1998 833 barrowstelis
2021 776 2068 817 et
2087 786 2264 817 correc-

516 884 644 929 tione
668 880 732 930 lie
753 880 910 928 harlis
942 883 1173 943 peridem
1201 889 1390 943 tempus
1413 884 1498 935 xix
1520 880 1566 928 d.
1634 882 1704 929 Et
1734 884 1964 928 allocatur
1993 882 2146 927 eidem
2181 896 2264 941 per

516 993 848 1039 liberacionem
862 993 1039 1039 factam
1055 993 1207 1039 eidem
1214 992 1431 1039 Waltero
1448 994 1500 1038 in
1514 994 1806 1065 empcionem
1821 1001 2029 1053 quatuor
2036 992 2263 1038 cellarum

516 1103 770 1166 bigharum
796 1109 843 1149 et
866 1102 1207 1148 confectionem
1230 1102 1373 1147 unius
1397 1098 1460 1147 lie
1483 1099 1618 1147 bodie
1641 1103 1898 1164 bigharum
1921 1103 1954 1164 ij
1982 1105 2017 1148 3.
2042 1117 2074 1148 v
2095 1098 2142 1147 d.
2193 1100 2262 1147 Et

515 1213 745 1259 allocatur
762 1213 915 1258 eidem
930 1212 981 1257 in
996 1211 1289 1271 empcionem
1303 1211 1453 1256 trium
1472 1209 1784 1271 capistrorum
1799 1212 1861 1257 ad
1877 1212 2080 1257 verudos
2103 1211 2263 1271 precio

512 1322 564 1384 iij
585 1325 619 1367 3.
664 1321 734 1367 Et
758 1323 988 1367 allocatur
1002 1321 1154 1367 eidem
1178 1336 1265 1380 pro
1288 1321 1576 1366 correctione
1599 1322 1806 1380 pannule
1821 1318 2064 1367 Thomson
2082 1326 2130 1366 et
2147 1322 2263 1366 dua·

517 1447 624 1478 rum
650 1429 938 1492 postelarum
962 1432 1252 1477 verudorum
1271 1436 1318 1476 et
1341 1431 1628 1477 correctione
1651 1431 1795 1477 unius
1814 1431 1926 1476 celle
1945 1429 2131 1491 Bernys
2150 1431 2201 1476 ix
2217 1428 2263 1476 d.

514 1541 584 1588 Et
607 1544 838 1588 allocatur
855 1543 1006 1587 eidem
1030 1556 1118 1601 pro
1136 1541 1424 1587 correctione
1443 1541 1593 1586 cimbe
1613 1541 1778 1603 lapidij
1798 1539 2005 1600 Capetht
2020 1541 2088 1601 xij
2114 1537 2158 1586 d.
2195 1539 2264 1586 Et

514 1668 599 1713 per
621 1653 952 1699 liberacionem
978 1651 1154 1697 factam
1172 1650 1381 1696 Domino
1404 1649 1656 1697 Anthonio
1680 1650 1942 1697 M⁰Dowall
1965 1652 2262 1711 carpentario

513 1778 622 1810 cum
636 1761 719 1809 suo
733 1761 867 1808 servo
882 1761 1100 1808 Waltero
1115 1758 1343 1807 existente
1358 1761 1419 1806 ad
1434 1776 1552 1821 opus
1568 1761 1727 1820 pontis
1742 1761 1866 1806 circa
1880 1757 1944 1806 lie
1958 1758 2162 1806 centreis
2178 1775 2263 1820 per

514 1874 688 1935 viginti
706 1874 806 1919 dies
823 1873 888 1934 lvj
905 1874 940 1918 3.
956 1871 1041 1933 viij
1060 1868 1106 1917 d.
1141 1869 1211 1916 Et
1229 1872 1459 1918 allocatur
1473 1871 1626 1917 eidem
1644 1871 1695 1917 in
1714 1872 2008 1932 empcionem
2025 1876 2263 1918 certarum

513 1985 820 2032 candelarum
854 1983 914 2030 ad
948 1979 1187 2028 stabulum
1212 1982 1503 2028 verudorum
1537 1986 1749 2042 tempore
1782 1981 1992 2043 hyemali
2027 1996 2113 2041 per
2147 1988 2266 2029 tem*

514 2110 604 2155 pus
630 2094 836 2154 compoti
860 2093 894 2154 ij
921 2096 956 2138 3.
973 2092 994 2154 j
1021 2088 1067 2137 d.
1103 2090 1173 2137 Et
1195 2091 1247 2137 in
1269 2091 1563 2151 empcionem
1585 2090 1948 2151 quatuordecim
1971 2088 2035 2137 lie
2039 2088 2265 2153 faldome

513 2204 766 2251 cordarum
789 2217 876 2262 pro
899 2198 964 2247 lie
986 2197 1145 2247 thettis
1168 2201 1460 2247 verudorum
1484 2200 1532 2261 vj
1559 2204 1593 2246 3.
1629 2199 1699 2246 Et
1722 2201 1875 2247 eidem
1898 2202 1950 2247 in
1973 2202 2264 2262 empcionem

513 2316 658 2361 unius
682 2311 746 2359 lie
767 2310 884 2375 wisj)
906 2311 1080 2358 calabis
1103 2311 1136 2373 ij
1164 2314 1198 2356 3.
1217 2310 1301 2372 viij
1328 2307 1374 2356 d.
1443 2309 1513 2356 Et
1536 2312 1766 2357 allocatur
1788 2313 2078 2372 compotanti
2101 2327 2187 2373 per
2209 2313 2265 2358 li-

515 2424 812 2471 beracionem
835 2422 1012 2468 factam
1035 2420 1067 2467 J
1069 2421 1247 2467 ohanni
1270 2419 1411 2482 Rogy
1435 2435 1523 2481 pro
1546 2421 1782 2500 cedicione
1803 2422 2046 2483 lignorum
2076 2428 2124 2470 et
2146 2424 2265 2485 liga-

515 2536 647 2581 cione
671 2533 928 2579 eorundem
959 2546 1047 2591 pro
1070 2532 1211 2577 domo
1242 2531 1556 2577 lathimorum
1578 2546 1638 2577 ex
1667 2537 1804 2591 parte
1827 2529 2022 2579 australi
2045 2533 2103 2580 de
2127 2532 2265 2595 Taya

513 2644 802 2692 conficienda
839 2647 888 2687 et
924 2640 1213 2687 confectione
1250 2638 1458 2702 ejusdem
1497 2642 1548 2687 in
1587 2642 1850 2701 parietibus
1873 2643 2021 2705 tegite
2043 2650 2092 2690 et
2113 2645 2260 2706 tignis

513 2970 595 3033 say
611 2987 699 3033 pro
722 2972 944 3018 ductione
961 2966 1025 3016 lie
1047 2966 1225 3016 extreis
1246 2984 1331 3030 per
1353 2975 1542 3031 tempus
1565 2971 1771 3032 compoti
1793 2971 1875 3032 xvj
1901 2967 1946 3016 d.
1998 2969 2068 3018 Et
2091 2971 2259 3018 allocan'

1378 3092 1401 3125 S
