2964 3892
932 531 1057 575 PON
1059 531 1157 575 TIS
1186 529 1680 575 DUNKELDENSIS.
2086 536 2178 585 119

428 680 671 741 Stephano
694 679 933 743 Lindesay
955 698 1044 743 pro
1067 682 1291 730 ductione
1312 680 1511 728 sedecim
1535 681 1699 728 axium
1729 680 1847 726 alias
1870 676 1935 726 lie
1951 679 2129 727 extreis
2151 698 2180 727 a

428 790 702 838 Crannocht
726 793 787 838 ad
818 807 938 852 opus
961 794 1121 853 pontis
1143 793 1212 854 xij
1238 790 1285 840 d.
1353 792 1424 840 Et
1445 792 1477 838 J
1479 792 1658 839 ohanni
1682 791 1827 854 Rogy
1848 806 1937 852 pro
1960 792 2180 838 ductione

427 903 675 949 duodecim
699 900 963 963 liesthoris
985 905 1046 950 ad
1068 902 1133 950 lie
1154 901 1374 950 hulwark
1396 920 1425 951 a
1447 901 1567 951 filva
1589 905 1648 950 de
1671 904 1773 950 Tor
1790 903 1874 966 viij
1900 900 1946 950 d.
1981 903 2051 951 Et
2068 905 2182 951 allo-

427 1019 563 1059 catur
586 1015 739 1060 eidem
762 1029 849 1074 per
870 1014 1206 1060 liberacionem
1229 1014 1404 1061 factam
1428 1030 1517 1074 pro
1541 1013 1689 1061 securi
1707 1012 2181 1076 cujusdamvhominis

426 1125 488 1171 ad
507 1140 626 1185 opus
649 1125 810 1184 pontis
825 1139 894 1170 ex·
907 1129 1078 1170 mutuo
1094 1124 1260 1170 habito
1278 1130 1328 1170 et
1344 1124 1506 1171 furato
1529 1126 1562 1186 ij
1590 1129 1624 1171 ἔ.
1693 1123 1763 1171 Et
1778 1126 2011 1172 allocatur
2027 1126 2179 1172 eidem

426 1250 510 1294 per
535 1235 871 1281 liberacionem
894 1234 1070 1280 factam
1088 1235 1141 1280 in
1158 1234 1452 1294 empcionem
1471 1235 1620 1280 trium
1639 1250 1872 1295 equorum
1889 1237 2181 1283 verudorum

425 1346 486 1391 ad
508 1346 645 1392 redas
673 1342 768 1391 five
789 1346 961 1408 bighas
986 1361 1070 1405 per
1093 1351 1283 1406 tempus
1307 1347 1515 1418 compoti
1550 1347 1639 1407 vig.
1662 1348 1807 1393 unius
1831 1349 1941 1408 equi
1965 1349 2061 1395 albi
2084 1349 2183 1396 Do-

426 1455 546 1500 mini
586 1453 619 1499 J
621 1455 755 1501 ac0b1
789 1456 860 1517 liij
894 1471 928 1501 5.
964 1456 1034 1516 iiij
1065 1452 1113 1501 d.
1157 1456 1353 1502 alterius
1388 1457 1499 1516 equi
1533 1455 1629 1501 albi
1663 1453 1696 1500 J
1697 1455 1901 1503 ohanms
1935 1456 2185 1520 Bynnyng

425 1564 537 1625 liij
517 1579 551 1608 5.
575 1564 645 1625 iiij
671 1561 718 1610 d.
754 1571 801 1609 et
824 1565 970 1610 unius
994 1565 1105 1624 equi
1129 1562 1272 1626 grofij
1299 1565 1506 1610 coloris
1492 1565 1545 1626 1ij
1571 1566 1621 1611 li.
1680 1563 1750 1610 Et
1773 1566 2005 1612 allocatur
2029 1567 2182 1613 eidem

426 1676 476 1720 in
501 1676 795 1778 θιιιΡο1οιιειι1
819 1675 1183 1735 quatuordecim
1206 1673 1494 1723 frustrorum
1523 1675 1639 1722 ferri
1657 1676 1716 1722 de
1740 1675 2010 1738 Glengarry
2026 1678 2185 1737 precio

426 1910 454 1941 a
477 1893 685 1956 Georgio
709 1894 913 1940 Broun
899 1910 952 1940 ιιι
979 1894 1157 1941 Dunde
1189 1896 1324 1957 xxxij
1351 1911 1386 1941 5.
1410 1897 1463 1942 ix
1484 1893 1532 1941 d.
1599 1895 1671 1943 Et
1701 1897 1932 1944 allocatur
1956 1897 2184 1944 eidemin

427 2007 719 2067 empcionem
743 2005 920 2066 septem
944 2002 1009 2051 lie
1015 2004 1206 2068 stcanys
1227 2007 1296 2053 fili
1312 2007 1395 2068 xxj
1416 2003 1462 2052 d.
1531 2006 1602 2054 Et
1624 2007 1735 2055 Fud
1757 2014 1806 2054 et
1828 2007 2037 2055 Stewart
2059 2010 2187 2055 auri-

426 2117 500 2178 gis
523 2116 828 2175 portantibus
852 2116 1035 2162 dictum
1059 2116 1245 2163 ferrum
1267 2109 1408 2161 inlz'e
1431 2113 1631 2176 uncqste'S
1653 2131 1682 2162 a
1698 2115 1874 2162 Dunde
1896 2087 2001 2178 1111τί]
2027 2114 2075 2163 d.
2116 2117 2186 2164 Et

426 2226 658 2272 allocatur
680 2226 834 2272 eidem
858 2227 909 2273 in
933 2227 1229 2287 empcionem
1246 2232 1439 2273 centum
1458 2227 1736 2289 octuaginta
1753 2241 1925 2272 novem
1944 2226 2183 2274 serrorum

426 2351 659 2396 equorum
683 2351 713 2381 a
734 2336 873 2383 fabro
896 2338 954 2383 de
986 2336 1279 2399 Slogynhole
1310 2343 1359 2383 et
1386 2337 1572 2384 duobus
1600 2338 1658 2383 de
1682 2336 1855 2383 Pertht
1885 2351 1972 2397 per
1993 2343 2182 2398 tempus

428 2447 636 2506 compoti
659 2447 790 2513 varii>
804 2448 953 2506 precii
971 2448 1220 2495 extenden.
1239 2448 1292 2494 in
1315 2448 1453 2494 totali
1475 2446 1659 2494 summa
1683 2448 1743 2494 ad
1765 2448 1884 2510 xlvij
1911 2451 1946 2494 ἔ.
1971 2463 2002 2494 v
2017 2445 2063 2494 d.
2112 2446 2184 2495 Et

427 2558 478 2602 in
501 2556 795 2616 empcionem
817 2558 962 2604 unius
986 2559 1166 2605 arconii
1184 2558 1283 2605 feni
1306 2574 1335 2604 a
1352 2557 1560 2620 Georgio
1577 2557 1947 2619 Abbercrumby
1964 2559 2026 2605 ad
2044 2573 2184 2606 veru-

425 2668 510 2713 dos
534 2663 607 2712 xltj
625 2671 660 2713 ἔ.
723 2666 793 2714 Et
816 2683 905 2727 pro
936 2666 1284 2716 constructione
1307 2669 1451 2715 unius
1474 2665 1587 2715 fosse
1611 2670 1736 2716 circa
1757 2670 1885 2715 idem
1903 2669 1971 2731 xij
1997 2666 2044 2715 d.
2113 2668 2182 2715 Et

425 2780 658 2824 allocatur
680 2779 833 2824 eidem
856 2779 908 2825 in
931 2780 1224 2839 empcionem
1242 2785 1451 2840 quatuor
1468 2779 1762 2826 cercinarum
1779 2778 1879 2826 feni
1897 2781 1958 2826 ad
1976 2781 2180 2826 verudos
2232 2838 2237 2842 .

425 2999 573 3047 berat.
599 2999 786 3046 Thome
821 2999 984 3046 Sawer
1025 2999 1231 3063 Georgio
1267 2999 1456 3062 Bernys
1480 3006 1529 3046 et
1565 2999 1844 3047 Alexandro
1878 2999 2060 3046 Catour
2089 3013 2178 3059 pro
