2964 3892
891 501 1117 546 PONTIS
1147 502 1647 548 DUNKELDENSIS.
2060 511 2154 555 105

400 652 452 697 ix
468 648 514 697 d.
571 650 641 698 Et
663 653 714 698 in
737 649 1028 699 structuram
1051 651 1226 700 stabuli
1249 654 1533 700 veredorum
1557 653 1619 699 ad
1641 652 1863 699 Cimbam
1886 654 1945 699 de
1969 652 2154 713 Capeth

400 763 451 809 in
471 763 692 810 omnibus
714 761 927 824 expensis
945 764 1099 826 xxviij
1120 767 1156 810 3.
1174 764 1258 826 viij
1281 760 1326 809 d.
1384 762 1455 810 Et
1477 764 1630 810 eidem
1653 764 1705 810 in
1730 761 1929 825 fingulis
1947 760 2158 822 expensis

401 875 526 920 circa
547 889 727 920 novum
753 872 994 921 stabulum
1018 875 1302 921 veredorum
1332 871 1653 921 constructum
1686 874 1738 919 in
1770 873 1999 919 Dunkeld
2021 873 2158 933 euJus

401 984 625 1030 dominus
648 983 794 1029 habet
816 983 1291 1030 liberetenementum
1317 984 1383 1045 vij
1410 984 1460 1029 li.
1488 983 1554 1044 vij
1582 986 1616 1029 3.
1641 953 1711 1044 iiij
1737 979 1783 1028 d.
1842 981 1911 1028 Et
1928 982 2159 1028 allocatur

401 1094 554 1139 eidem
576 1107 663 1153 per
685 1093 979 1152 empcionem
994 1098 1202 1153 quatuor
1221 1090 1286 1138 lie
1311 1090 1611 1139 Swmmolcis
1634 1094 1695 1139 ad
1717 1092 1916 1139 veredos
1938 1106 2028 1153 pro
2050 1106 2160 1138 con-

401 1202 643 1249 servandis
667 1202 816 1264 tergis
841 1202 902 1248 ab
930 1202 1154 1248 oneribus
1185 1202 1220 1263 ij
1247 1205 1282 1248 3.
1351 1201 1421 1248 Et
1443 1203 1593 1249 eidem
1620 1203 1672 1249 in
1695 1203 1990 1263 empcionem
2011 1203 2157 1249 unius

401 1311 527 1359 facee
558 1328 648 1372 pro
679 1312 928 1373 portandis
961 1314 1125 1359 avenis
1158 1313 1220 1359 ad
1251 1314 1450 1359 veredos
1472 1314 1506 1374 ij
1535 1316 1570 1359 3.
1639 1313 1709 1359 Et
1732 1314 1784 1359 in
1805 1313 2159 1373 reparaeionem

402 1425 606 1469 duarum
630 1421 926 1470 sentinarum
950 1402 1227 1470 habitarum
1251 1438 1279 1469 a
1296 1423 1561 1469 Willielmo
1585 1422 1741 1483 Chaip
1764 1423 1823 1469 de
1840 1421 2014 1468 Pertht
2038 1423 2103 1484 vij
2124 1426 2160 1467 3.

402 1535 449 1596 vj
475 1531 521 1579 d.
589 1531 660 1580 Et
683 1535 915 1580 allocatur
938 1534 1090 1580 eidem
1114 1549 1201 1594 per
1223 1534 1518 1594 empcionem
1551 1539 1791 1580 certarum
1821 1534 2074 1580 cordarum
2100 1533 2161 1578 ad

404 1644 469 1690 lie
504 1643 677 1690 mettis
712 1646 847 1705 equis
883 1643 1069 1691 veredis
1103 1659 1190 1704 per
1223 1649 1413 1704 tempus
1447 1645 1657 1704 compoti
1692 1645 1792 1706 xlvj
1824 1647 1859 1689 3.
1895 1645 1942 1705 vj
1976 1641 2022 1689 d.
2091 1641 2161 1688 Et

403 1756 635 1801 allocatur
658 1755 811 1800 eidem
829 1769 915 1814 per
932 1755 1228 1814 empcionem
1247 1760 1437 1800 centum
1455 1752 1759 1816 septuaginta
1774 1752 1854 1799 sex
1870 1752 2161 1800 tribularum

404 1866 564 1925 precio
586 1866 718 1924 pecie
741 1872 797 1911 ut
820 1866 873 1910 in
895 1864 1117 1924 pluribus
1141 1865 1237 1910 duo
1259 1865 1445 1910 denarii
1472 1865 1525 1910 in
1555 1865 1756 1924 pecunia
1786 1861 1968 1909 summe
1998 1864 2160 1910 totalis

403 1976 520 2037 xxvj
555 1979 589 2021 3.
660 1975 730 2021 Et
761 1977 993 2022 allocatur
1023 1975 1176 2021 eidem
1204 1990 1291 2035 per
1319 1975 1611 2035 empcionem
1644 1989 1711 2020 xv
1736 1972 1801 2020 lie
1827 1973 2044 2020 tedderis
2074 1989 2162 2035 pro

406 2087 590 2132 veredis
609 2087 661 2131 in
687 2083 833 2131 estate
855 2085 938 2146 xvj
966 2082 1012 2130 d.
1072 2084 1142 2130 Et
1165 2085 1398 2130 allocatur
1420 2085 1574 2129 eidem
1596 2098 1683 2153 per
1706 2083 2000 2145 empcionem
2024 2085 2164 2144 quin·

406 2196 640 2257 quaginta
673 2194 753 2241 sex
787 2206 1057 2257 vangarum
1090 2194 1249 2254 precio
1284 2196 1336 2240 in
1370 2199 1472 2240 toto
1506 2194 1559 2239 ix
1582 2197 1617 2239 3.
1641 2195 1692 2256 iij
1719 2191 1765 2240 d.
1833 2193 1904 2240 Et
1931 2195 2161 2240 allocatur

407 2303 559 2352 eidem
582 2307 634 2351 in
657 2302 856 2368 fingulis
879 2301 1092 2366 expensis
1119 2305 1244 2351 circa
1267 2304 1505 2350 facturam
1523 2303 1703 2350 Warde
1721 2305 1780 2352 ad
1799 2306 1995 2351 veredos
2014 2316 2161 2365 prope

408 2421 602 2474 pratum
625 2416 684 2461 de
706 2415 961 2477 Drumboy
983 2431 1091 2462 cum
1115 2420 1256 2475 porta
1286 2421 1335 2461 et
1367 2415 1499 2460 clave
1528 2414 1681 2476 xxxiij
1709 2417 1743 2459 3.
1768 2414 1815 2476 vj
1842 2411 1887 2460 d.
1955 2413 2026 2461 Et
2048 2416 2163 2461 allo-

410 2532 544 2571 catur
562 2526 715 2571 eidem
740 2527 792 2572 in
810 2528 1076 2573 vectionem
1098 2527 1342 2588 lignorum
1367 2540 1455 2585 pro
1477 2523 1542 2571 lie
1563 2522 1791 2572 hulwarlc
1815 2531 1862 2572 et
1885 2525 2162 2572 tabularum

411 2637 470 2682 ad
494 2636 621 2681 idem
645 2650 766 2695 opus
788 2649 875 2695 per
897 2641 1088 2695 tempus
1112 2637 1320 2697 compoti
1343 2638 1395 2683 in
1417 2633 1615 2698 fingulis
1640 2632 1853 2697 expenfis
1877 2637 1997 2682 citra
2019 2634 2163 2682 servi-

410 2855 587 2901 factam
614 2854 646 2900 J
648 2855 827 2901 ohanni
850 2854 956 2902 Fod
980 2855 1063 2917 unj
1090 2856 1383 2902 veredorum·
1405 2853 1586 2902 custodi
1609 2860 1658 2902 et
1680 2855 1900 2917 bigarum
1928 2854 2162 2917 gubernaae

410 2967 502 3013 tori
525 2966 705 3027 capien.
731 2967 784 3013 in
807 2981 933 3013 anno
958 2967 1078 3013 citra
1103 2964 1333 3014 ferrinam
1364 2981 1394 3012 a
1422 2967 1685 3029 grauiterio
1714 2970 1952 3026 receptam
1983 2979 2012 3009 a
2041 2960 2162 3010 festo
