2964 3892
918 515 1144 561 pomus
1172 514 1669 560 DUNKELDENSIS.
2105 522 2169 571 97

416 665 569 711 eidem
593 662 780 713 Alester
805 667 855 712 in
879 668 1142 714 mercedem
1164 667 1341 713 laboris
1369 670 1476 712 octo
1504 670 1751 726 petrarum
1773 663 1891 711 ferri
1915 661 1998 725 viij
2026 666 2061 709 3.
2102 663 2171 711 Et

417 776 468 821 in
495 775 807 823 ferracionem
832 783 1024 824 centum
1052 777 1406 839 quinquaginta
1428 791 1537 823 cum
1560 780 1770 836 quatuor
1791 774 2031 820 ferrorum
2060 787 2169 820 cum

416 887 621 946 propriis
668 888 816 933 clauis
861 884 1034 933 nostris
1076 887 1230 947 pretio
1275 883 1526 949 quussibet
1570 884 1848 931 ferracionis
1895 884 2066 930 obulus
2114 890 2170 930 ut

416 993 556 1055 supra
581 996 626 1057 vj
661 999 694 1041 3.
718 996 768 1056 xj
794 992 839 1041 d.
907 994 977 1041 Et
1011 996 1165 1041 eidem
1197 996 1250 1041 in
1284 996 1548 1041 mercedem
1581 995 1757 1041 laboris
1792 994 2073 1040 acucionum
2106 990 2171 1039 lie

411 1103 629 1167 prentez‘s
664 1106 723 1151 de
755 1105 895 1151 ferris
930 1104 1026 1151 suis
1060 1106 1239 1165 capien.
1275 1120 1363 1165 pro
1402 1103 1574 1150 eisdem
1613 1120 1699 1165 per
1734 1119 1917 1151 annum
1952 1105 2160 1166 quadra-

414 1216 551 1276 ginta
583 1215 802 1261 denarios
841 1230 930 1275 pro
966 1215 1180 1276 quolibet
1220 1211 1285 1260 lie
1315 1211 1539 1276 prenteis
1577 1219 1625 1260 et
1659 1215 1920 1261 dimedium
1956 1221 2004 1261 et
2042 1229 2169 1261 unus

415 1339 568 1371 annus
591 1325 839 1371 advenien.
862 1322 981 1371 festo
1001 1325 1164 1372 Sancti
1188 1325 1389 1372 Mertini
1411 1325 1630 1385 proxime
1653 1324 1821 1370 futuro
1844 1326 2093 1372 extenden.
2117 1327 2170 1372 in

414 1434 551 1481 totali
573 1432 759 1480 summa
780 1435 842 1480 ad
864 1435 915 1480 ix
939 1438 974 1480 3.
1043 1434 1112 1480 Et
1134 1436 1187 1481 in
1209 1434 1512 1481 refectionem
1537 1431 1965 1481 instrumentorum
1994 1433 2171 1481 ferreo-

412 1560 522 1592 rum
545 1542 609 1590 lie
622 1542 845 1608 prentez's
874 1560 929 1591 ac
949 1545 1188 1591 serrorum
1218 1551 1435 1591 rotarum
1462 1551 1510 1592 et
1542 1546 1768 1591 redarum
1790 1546 1859 1607 vij
1885 1549 1919 1591 3.
1938 1546 1960 1607 j
1985 1542 2031 1591 d.
2099 1545 2171 1592 Et

414 1656 567 1701 eidem
591 1656 642 1700 in
664 1655 968 1700 refectionem
991 1655 1255 1701 ferreorum
1277 1655 1488 1715 lapicidii
1511 1670 1621 1701 cum
1655 1670 1780 1701 novo
1803 1654 1932 1702 ferro
1952 1670 2040 1716 pro
2063 1657 2171 1716 qui-

415 1765 505 1813 bus
535 1763 567 1809 J
569 1765 780 1811 ohannes
815 1764 1055 1818 Querreor
1088 1764 1234 1811 habet
1267 1763 1546 1826 respondere
1570 1765 1689 1827 xxiij
1718 1768 1752 1811 3.
1775 1765 1810 1826 ij
1836 1762 1882 1812 d.
1951 1764 2021 1812 Et
2055 1767 2171 1813 allo-

416 1879 551 1921 catur
586 1875 738 1920 eidem
767 1890 853 1935 per
881 1875 1215 1921 liberacionem
1247 1875 1424 1922 factam
1457 1874 1652 1921 Andree
1687 1874 1882 1936 Smytht
1913 1881 2172 1938 antequam

417 1985 769 2032 conducebatur
798 1985 859 2030 ad
888 2000 1007 2046 opus
1031 1985 1202 2032 fabrile
1227 1985 1406 2032 fabrice
1428 1985 1589 2046 pontis
1619 1986 1672 2030 in
1702 1987 1968 2032 mercedem
1991 1987 2170 2035 laboris

417 2095 576 2140 decem
599 2091 861 2157 frustorum
884 2095 1000 2141 ferri
1024 2096 1205 2155 capien.
1229 2111 1317 2156 pro
1339 2095 1554 2156 quolibet
1576 2093 1756 2141 frustro
1780 2096 1902 2142 citra
1924 2096 2101 2145 bibalia
2123 2106 2172 2145 et

416 2202 666 2250 servitores
690 2209 796 2250 octo
820 2205 1038 2251 denarios
1062 2206 1110 2267 vj
1138 2209 1172 2251 3.
1198 2205 1282 2267 viij
1308 2202 1354 2251 d.
1389 2204 1460 2251 Et
1482 2206 1714 2252 allocatur
1737 2206 1890 2252 eidem
1923 2222 2009 2268 per
2031 2208 2173 2255 liber-

417 2315 630 2360 aeionem
653 2314 830 2376 factam
853 2317 1004 2362 eidem
1025 2314 1220 2362 Andree
1245 2332 1274 2362 a
1292 2317 1368 2362 die
1384 2314 1464 2362 sue
1482 2316 1808 2362 conductionis
1826 2318 1911 2377 qui
1928 2317 2023 2364 fuit
2040 2317 2172 2366 sexto

418 2423 449 2469 J
451 2424 539 2469 ulii
553 2425 667 2470 anni
693 2431 773 2470 *tc*
797 2428 845 2472 v⁰
867 2422 998 2488 xiijmi
1020 2427 1073 2473 in
1104 2425 1293 2487 presens
1325 2432 1598 2486 compotum
1629 2426 1682 2471 in
1712 2431 1898 2486 partem
1920 2425 2170 2477 solucionis

419 2532 546 2578 feodi
569 2533 722 2594 xxxiij
750 2537 785 2579 3.
809 2506 879 2596 iiij
905 2532 952 2581 d.
998 2580 1001 2581 γ
1036 2534 1106 2582 Et
1127 2534 1435 2583 servitoribus
1460 2532 1668 2596 ejusdem
1702 2535 1756 2580 in
1783 2534 1910 2581 diem
1941 2536 2169 2596 presentis

421 2643 627 2702 compoti
650 2643 733 2704 xvj
750 2659 774 2703 3
797 2640 844 2689 d.
892 2643 962 2690 Et
979 2646 1209 2692 allocatur
1233 2647 1386 2692 eidem
1409 2660 1495 2705 per
1518 2645 1813 2704 empcionem
1826 2647 1970 2693 unius
1992 2651 2170 2696 arconii

419 2752 519 2798 feni
543 2767 572 2798 a
595 2750 802 2815 Georgio
823 2753 1191 2817 Abbercrumby
1213 2756 1462 2802 extenden.
1498 2756 1560 2802 ad
1581 2756 1933 2819 quinquaginta
1963 2760 2170 2806 cercinas

418 2832 541 2924 leirij
568 2866 602 2909 3.
631 2911 633 2914 ,
670 2861 741 2908 Et
769 2864 999 2910 allocatur
1032 2839 1184 2913 eidem
1217 2880 1303 2925 per
1334 2864 1669 2912 liberacionem
1698 2866 1877 2913 factam
1901 2841 2168 2928 Capellanis

418 2972 554 3020 chori
590 2975 648 3021 de
688 2990 848 3021 annuo
887 2975 1080 3023 redditu
1119 2975 1187 3023 eis
1226 2976 1385 3024 debito
1425 2977 1484 3024 de
1523 2978 1729 3039 quadam
1764 2978 1905 3025 domo
1937 2977 2167 3026 heredum
