2964 3892
905 551 1131 596 PONTIS
1161 550 1659 596 DUNKELDENSIS.
2050 558 2144 602 115

403 700 513 745 cimi
548 701 705 761 quinti
739 702 790 747 in
821 702 947 749 diem
980 717 1048 750 xx
1082 702 1371 764 Septembris
1404 717 1528 749 anno
1553 708 1633 748 *tc*
1656 703 1704 748 vc
1726 699 1824 748 xv‘0
1847 702 1905 747 de
1935 702 2144 762 quinque

403 811 570 856 celdris
594 819 642 857 et
664 811 847 858 duobus
870 811 994 859 batis
1028 811 1098 860 Et
1119 809 1182 859 fic
1205 827 1323 873 eque
1348 813 1406 858 de
1429 813 1593 859 avenis

473 1139 711 1185 EXPEN
714 1139 793 1186 SE
827 1139 1057 1202 Ejusdem
1079 1142 1137 1187 de
1160 1140 1379 1203 Argento
1438 1141 1497 1187 In
1519 1142 1686 1201 primis
1710 1143 1942 1189 allocatur
1964 1156 2152 1202 compo-

408 1251 531 1295 tanti
545 1250 597 1294 in
620 1250 912 1309 empcionem
931 1250 1080 1296 trium
1097 1250 1364 1296 celdrarum
1381 1248 1556 1310 septem
1574 1250 1810 1297 bollarum
1827 1253 2031 1298 duorum
2054 1267 2153 1298 mo-

410 1359 594 1403 diorum
623 1364 671 1404 et
695 1360 898 1405 duorum
932 1358 1154 1406 batorum
1181 1374 1442 1406 avenarum
1468 1375 1554 1420 per
1584 1366 1771 1420 tempus
1802 1363 2007 1421 compoti
2030 1363 2152 1422 varij

407 1469 552 1530 precij
579 1470 825 1515 extenden.
851 1471 902 1515 in
925 1471 1061 1516 totali
1084 1471 1285 1530 pecunia
1307 1471 1368 1516 ad
1384 1470 1470 1531 xiij
1496 1470 1546 1516 li.
1569 1471 1619 1532 xj
1648 1474 1682 1517 ἔ.
1707 1471 1754 1533 vj
1770 1486 1795 1533 3
1817 1468 1863 1517 d.
1898 1470 1968 1517 Et
1990 1473 2158 1519 alloca-

410 1586 492 1626 tur
515 1581 667 1626 eidem
691 1595 776 1640 per
799 1581 1133 1627 liberacionem
1155 1581 1332 1628 factam
1357 1581 1600 1642 Stephano
1623 1580 1862 1643 Lindesay
1884 1584 2159 1629 conductori

412 1704 664 1735 arenarum
697 1704 782 1748 per
810 1695 999 1750 tempus
1023 1691 1228 1750 compoti
1261 1706 1350 1751 pro
1373 1697 1581 1751 quatuor
1611 1691 1822 1737 millibus
1854 1689 2157 1753 septingintis

413 1799 589 1860 septem
614 1800 836 1845 oneribus
855 1815 1107 1846 arenarum
1131 1801 1289 1860 precio
1313 1801 1469 1846 oneris
1494 1800 1663 1846 obulus
1681 1801 1930 1847 extenden.
1947 1801 1998 1847 in
2022 1816 2163 1861 pecu-

414 1911 495 1955 nia
517 1910 577 1954 ad
600 1910 650 1971 xj
677 1911 726 1955 li.
744 1911 862 1971 xviij
891 1914 925 1956 ἔ.
951 1906 1043 1956 vd.
1112 1909 1181 1956 Et
1204 1910 1435 1955 allocatur
1453 1910 1604 1956 eidem
1628 1924 1716 1970 pro
1739 1911 1960 1957 ductione
1982 1910 2165 1956 confec-

416 2021 544 2065 tione
569 2024 618 2064 et
651 2015 949 2079 impofitione
979 2020 1028 2064 in
1060 2019 1188 2066 redis
1212 2020 1387 2081 viginti
1411 2021 1618 2066 duorum
1640 2016 1703 2064 lie
1726 2017 1903 2065 extreis
1926 2021 1973 2082 vj
2000 2024 2036 2066 ἔ.
2059 2021 2092 2081 ij
2118 2018 2164 2067 d.

418 2129 486 2175 Et
517 2144 604 2189 pro
627 2128 914 2174 correctione
944 2129 1089 2174 unius
1113 2128 1342 2189 amphore
1372 2126 1630 2175 sementive
1657 2143 1745 2189 pro
1778 2130 2012 2189 portanda
2043 2145 2168 2190 aqua

419 2348 483 2396 lie
507 2346 685 2396 extreis
709 2364 742 2394 x
764 2346 811 2394 d.
880 2348 950 2394 Et
973 2349 1204 2395 allocatur
1231 2349 1384 2394 eidem
1418 2362 1504 2407 per
1534 2347 1863 2393 liberationem
1885 2346 2060 2393 factam
2083 2346 2115 2392 J
2117 2362 2167 2392 o-

419 2460 568 2505 hanni
593 2459 702 2504 Fud
725 2459 811 2504 uni
834 2456 1133 2520 Aurigarum
1162 2473 1192 2503 a
1212 2454 1332 2503 festo
1354 2456 1700 2517 purificacionis
1728 2452 1985 2502 beatiffime
2008 2455 2171 2518 Virgi-

422 2571 497 2616 nis
523 2569 677 2615 Marie
700 2583 826 2614 anno
851 2575 931 2614 ‘tc‘
955 2570 1003 2613 v⁰
1025 2568 1208 2614 decimo
1230 2573 1401 2628 quarto
1431 2567 1484 2612 in
1514 2567 1639 2612 diem
1672 2562 1951 2628 vigesimum
1985 2564 2171 2612 sextum

426 2679 713 2726 Novembris
737 2693 862 2724 anno
887 2685 967 2724 '’cc‘'
992 2680 1040 2723 v⁰
1062 2675 1160 2724 xv‘0
1182 2674 1415 2724 exclusive
1439 2676 1617 2736 capien.
1646 2690 1732 2736 per
1763 2690 1942 2722 annum
1972 2677 2175 2736 quadra-

425 2791 561 2852 ginta
578 2787 748 2835 solidos
767 2796 814 2835 et
837 2789 1053 2835 modium
1071 2788 1253 2834 farrine
1277 2787 1328 2832 in
1350 2782 1758 2856 septimanaxxxx‘J'
1774 2789 1808 2832 ἔ.
1877 2785 1947 2832 Et
1965 2785 1997 2830 J
1999 2786 2175 2831 ohanni

427 2899 634 2947 Stewart
657 2899 795 2944 alteri
820 2898 1096 2960 aurigarum
1122 2912 1207 2957 per
1224 2898 1351 2943 idem
1369 2903 1558 2958 tempus
1582 2897 1761 2957 capien.
1785 2897 1835 2942 in
1853 2893 2112 2956 septimana
2129 2901 2176 2939 et

426 3010 477 3054 in
500 3024 626 3056 anno
649 3015 704 3055 ut
729 3007 837 3055 Fud
860 3006 984 3054 xxx⁰
999 3010 1032 3053 ἔ.
1101 3006 1171 3053 Et
1192 3008 1424 3054 allocatur
1446 3007 1598 3053 eidem
1620 3021 1706 3067 per
1731 3006 2057 3054 liberacionem
2085 3004 2179 3049 fac-
