2964 3892
900 560 1124 605 PONTIS
1153 558 1646 604 DUNKELDENSIS.
2056 561 2146 605 141

383 707 570 773 fhail3e
603 710 761 772 precio
796 711 953 756 oneris
987 709 1158 757 obulus
1192 710 1441 756 extenden.
1463 709 1516 756 in
1550 709 1749 770 pecunia
1771 709 1832 753 ad
1856 709 1942 770 xiij
1969 713 2003 755 ἔ.
2030 712 2080 756 ix
2102 710 2148 758 d.

400 818 470 866 Et
492 822 721 868 allocatur
744 821 896 867 eidem
913 821 965 868 in
988 820 1280 882 empcionem
1297 818 1376 867 sex
1392 818 1681 867 tribulorum
1698 819 1818 881 ligni
1833 834 1921 879 pro
1938 823 2148 879 querella

400 933 558 991 precio
571 930 638 993 xij
655 928 701 978 d.
736 929 804 977 Et
828 931 1059 977 allocatur
1079 930 1371 991 compotanti
1394 943 1480 990 per
1502 929 1834 975 liberacionem
1858 928 2033 975 factam
2052 945 2150 976 cer-

400 1042 462 1086 tis
493 1041 795 1102 garcionibus
829 1028 1210 1087 eonstruentibus
1242 1036 1406 1086 fofl‘am
1439 1039 1588 1086 uarde
1620 1040 1909 1086 verudorum
1944 1041 1996 1085 in
2030 1040 2150 1087 Litil

400 1150 627 1198 Dunkeld
648 1150 700 1211 iij
727 1151 775 1195 li.
845 1148 913 1195 Et
946 1150 997 1195 in
1032 1149 1322 1209 empcionem
1358 1150 1569 1210 quinque
1605 1163 1871 1210 vangarum
1901 1165 1934 1195 x
1964 1146 2010 1195 d.
2080 1149 2148 1196 Et

393 1256 630 1308 ‘allon-atur
651 1259 802 1306 eidem
827 1260 879 1305 in
901 1260 1195 1318 empcionem
1219 1259 1366 1304 trium
1390 1259 1616 1304 ulnarum
1650 1260 1797 1318 panni
1829 1261 1941 1305 linei
1975 1275 2063 1320 pro
2086 1258 2149 1306 lie

400 1366 734 1431 wyndyrfihet
765 1369 1008 1430 quondam
1043 1368 1243 1415 Roberti
1278 1367 1563 1429 Cawquhyn
1591 1369 1674 1429 xxj
1699 1366 1745 1413 d.
1815 1369 1883 1415 Et
1920 1371 2149 1416 allocatur

401 1482 552 1527 eidem
574 1481 626 1526 in
649 1480 842 1526 feodum
866 1479 1183 1539 compotantis
1205 1475 1497 1526 confiderato
1527 1479 1630 1540 ejus
1655 1479 1814 1525 labore
1843 1480 1894 1525 in
1926 1481 2148 1540 pecunia-

399 1596 507 1626 rum
530 1579 796 1639 receptione
819 1585 867 1624 et
889 1592 1148 1638 parvarum
1172 1576 1465 1624 summarum
1487 1575 1822 1624 distribucione
1849 1593 1936 1638 per
1958 1584 2148 1638 tempus

401 1689 606 1749 compoti
628 1684 719 1734 xxtj
739 1689 786 1734 li.

533 1799 731 1844 Summa
748 1800 962 1845 omnium
987 1798 1298 1859 expensarum
1317 1799 1370 1861 ijc
1392 1800 1486 1861 iij¹¹
1508 1799 1594 1845 xix
1616 1800 1665 1845 li.
1690 1800 1807 1861 xviij
1835 1803 1869 1845 ἔ.
1895 1799 1943 1861 vj
1968 1796 2013 1845 d.

534 1908 602 1955 Et
624 1906 687 1955 fic
708 1907 1062 1969 superexposuit
1084 1915 1362 1970 compotans
1390 1911 1407 1954 l
1430 1913 1464 1956 ἔ.
1484 1909 1505 1969 j
1531 1906 1577 1962 d.
