2964 3892
901 512 1127 557 PONTIS
1156 512 1655 558 DUNKELDENSIS.
2064 521 2154 564 101

407 663 458 708 in
487 676 624 723 yeme
647 663 762 708 anni
787 669 866 709 *tc*
891 665 939 708 vc
962 664 1047 725 xiij
1078 665 1130 710 in
1160 665 1438 724 completam
1470 661 1754 710 solucionem
1778 669 1826 710 et
1847 677 1936 723 pro
1958 661 2170 720 instruc--

406 774 534 820 tione
564 772 615 819 in
645 779 747 820 arte
775 771 898 820 sual
922 778 955 820 ἔ.
983 775 1066 836 viij
1092 771 1138 820 d.
1207 773 1276 820 Et
1310 775 1541 820 allocatur
1574 774 1727 820 eidem
1761 773 1812 819 in
1848 770 2044 836 singulis
2078 788 2157 818 ex-

402 881 556 943 penfis
582 885 757 946 quibus
787 900 907 945 opus
935 890 1039 931 erat
1069 883 1320 931 debursare
1350 885 1574 944 pecunias
1604 885 1729 931 circa
1759 881 2154 931 constructionem

404 994 503 1041 case
533 992 598 1041 lie
628 991 753 1057 lwge
782 995 1106 1041 lathomorum
1129 996 1178 1056 vj
1203 996 1253 1040 li.
1278 995 1345 1056 xij
1371 998 1407 1040 ἕ.
1432 996 1498 1056 vij
1524 992 1570 1040 d.
1638 994 1709 1041 Et
1738 996 1970 1042 allocatur
2002 995 2154 1040 eidem

401 1119 488 1165 per
521 1105 851 1151 liberacionem
893 1103 1069 1150 factam
1103 1103 1416 1150 servientibus
1452 1106 1504 1150 in
1538 1106 1759 1165 lapicidio
1793 1106 1854 1153 ab
1887 1088 2154 1167 inceptione

400 1214 554 1275 operis
577 1229 670 1275 que
689 1213 785 1259 fuit
808 1214 975 1275 vigilia
1003 1212 1336 1260 Penthecostes
1366 1213 1536 1261 menfis
1570 1215 1689 1277 Maij
1723 1217 1799 1262 die
1822 1218 2004 1263 decimo
2026 1231 2153 1263 nono

398 1323 511 1368 anni
538 1330 618 1369 Qec·³
642 1326 690 1368 v‘
713 1324 882 1369 decimi
905 1324 956 1369 in
980 1324 1106 1369 diem
1129 1324 1364 1370 decimum
1390 1325 1615 1384 quintum
1639 1323 1914 1371 Decembris
1946 1324 2153 1386 ejusdem

397 1434 511 1479 anni
536 1426 715 1494 capien.
740 1434 954 1494 quolibet
977 1435 1029 1480 in
1051 1433 1313 1494 septimana
1344 1435 1558 1481 modium
1587 1434 1767 1480 farrine
1798 1440 1846 1481 et
1876 1440 1982 1481 octo
2013 1436 2156 1481 dena-

395 1545 491 1591 rios
523 1550 711 1591 monete
741 1551 798 1590 ut
829 1550 963 1604 patet
994 1546 1046 1590 in
1077 1550 1297 1605 compoto
1326 1543 1635 1605 expensarum
1658 1544 1838 1591 farrine
1859 1546 2046 1592 reddito
2069 1561 2155 1606 per

395 1651 685 1715 Magistrum
730 1654 761 1699 J
764 1655 1000 1700 ohannem
1047 1654 1210 1701 Lacok
1250 1655 1567 1716 graniterium
1607 1655 1791 1701 allocat.
1831 1655 1943 1701 ferr.
1982 1655 2149 1701 facien.

395 1764 515 1809 citra
537 1762 570 1809 J
572 1763 810 1810 ohannem
834 1763 1110 1818 Querreour
1131 1764 1164 1810 J
1165 1765 1402 1811 ohannem
1426 1764 1568 1826 Wiys
1600 1770 1649 1811 et
1676 1765 1945 1812 Robertum
1975 1765 2150 1828 Smyth

394 1888 447 1919 ac
478 1871 838 1921 distructionem
872 1877 1012 1937 grani
1050 1875 1244 1938 Georgii
1283 1876 1447 1921 Millar
1482 1881 1691 1936 quatuor
1727 1877 1907 1923 celdras
1944 1883 1991 1923 et
2031 1879 2149 1924 duas

393 1984 544 2031 bollas
568 1983 748 2031 farrine
771 1986 824 2032 ix
846 1986 895 2031 li.
919 1986 1002 2047 xvj
1029 1983 1075 2031 d.
1145 1985 1214 2032 Et
1247 1987 1480 2033 allocatur
1502 1987 1667 2033 'eidem
1699 2001 1785 2047 per-
1814 1987 2148 2035 liberacionem

392 2096 566 2142 factam
593 2095 781 2142 Th0me
804 2096 1186 2159 Fothringhame
1210 2098 1422 2143 venienti
1446 2097 1574 2156 apud
1602 2096 1920 2144 Dounkelden
1951 2100 2009 2145 ad
2042 2097 2150 2145 vifi-

390 2207 591 2252 tandum
614 2206 846 2253 fabricam
868 2208 1029 2267 pontis
1053 2212 1102 2253 et
1123 2221 1211 2267 pro
1228 2205 1311 2253 suo
1330 2204 1521 2253 confilio
1543 2208 1667 2254 circa
1691 2223 1811 2269 opus
1834 2211 1886 2254 in
1910 2209 2146 2255 bibalibus

389 2323 436 2362 et
460 2314 676 2377 expensis
697 2315 888 2364 absente
911 2318 1107 2363 domino
1130 2322 1178 2363 et
1201 2316 1356 2364 secum
1380 2314 1574 2363 existen.
1600 2317 1809 2364 Patricio
1839 2317 2033 2365 Masone
2055 2334 2089 2364 x
2112 2323 2146 2366 ἔ.

385 2425 454 2472 Et
491 2428 722 2474 allocatur
758 2429 913 2474 eidem
949 2443 1035 2489 per
1067 2427 1401 2474 liberacionem
1434 2426 1468 2473 J
1469 2426 1646 2473 ohanni
1681 2427 1844 2488 Wiyse
1877 2430 2079 2489 lapicide
2115 2446 2144 2476 a

388 2534 616 2598 vigefimo
650 2537 823 2597 quinto
855 2537 888 2582 J
890 2539 993 2584 unii
1028 2539 1079 2584 in
1115 2552 1241 2584 anno
1276 2537 1457 2584 domini
1492 2534 1739 2584 millefimo
1764 2537 2145 2601 quingentesimo

388 2647 572 2693 decimo
606 2648 659 2693 in
691 2645 943 2708 septimum
979 2646 1101 2694 Julii
1132 2646 1340 2710 ejusdem
1364 2648 1477 2693 anni
1500 2613 1679 2707 capienss
1704 2648 1756 2694 in
1779 2646 2044 2708 septimana
2065 2648 2144 2695 sex

344 2732 349 2735 ἱ
386 2755 559 2803 solidos
583 2763 632 2803 et
655 2759 903 2804 extenden.
927 2759 987 2804 ad
1012 2759 1131 2804 duas
1154 2756 1438 2818 septimanas
1469 2757 1536 2819 xij
1564 2761 1599 2803 ἔ.
1667 2756 1738 2804 Et
1767 2759 1920 2805 eidem
1949 2764 2064 2805 tunc
2092 2760 2142 2804 in

386 2869 778 2917 reformacionem
802 2867 867 2916 lie
883 2867 985 2916 Pik
1007 2870 1092 2931 viij
1118 2867 1163 2915 d.
1228 2869 1296 2915 Et
1318 2870 1472 2915 eidem
1496 2870 1730 2916 conducto
1754 2884 1783 2916 a
1805 2868 2003 2930 septimo
2025 2869 2058 2914 J
2059 2869 2146 2915 ulii

384 2982 596 3039 predicto
626 2982 677 3027 in
709 2982 911 3027 eundem
942 2982 1067 3026 diem
1098 2994 1223 3029 anno
1250 2981 1481 3028 revoluto.
1505 2995 1542 3026 s.
1567 2981 1620 3025 in
1646 2994 1771 3026 anno
1795 2980 1974 3025 domini
1997 2979 2146 3024 mille-

1207 3080 1213 3085 '
1247 3077 1277 3134 o
